<?xml version="1.0" encoding="UTF-8"?>
<!DOCTYPE html PUBLIC "-//W3C//DTD XHTML 1.0 Transitional//EN"
    "http://www.w3.org/TR/xhtml1/DTD/xhtml1-transitional.dtd">
<html xmlns="http://www.w3.org/1999/xhtml" xml:lang="en" lang="en">
 <head>
  <title>
</title>
<meta http-equiv="Content-Type" content="text/html;charset=utf-8" />
  <meta name='ocr-system' content='tesseract 3.04.00' />
  <meta name='ocr-capabilities' content='ocr_page ocr_carea ocr_par ocr_line ocrx_word'/>
</head>
<body>
  <div class='ocr_page' id='page_1' title='image "./deacusmatissive00hlgoog_0048.png"; bbox 0 0 3488 5584; ppageno 0'>
   <div class='ocr_carea' id='block_1_1' title="bbox 620 373 838 440">
    <p class='ocr_par' dir='ltr' id='par_1_1' title="bbox 620 373 838 440">
     <span class='ocr_line' id='line_1_1' title="bbox 620 373 838 440; baseline -0.009 -14"><span class='ocrx_word' id='word_1_1' title='bbox 620 373 838 440; x_wconf 64' lang='lat'>..41-</span> 
     </span>
    </p>
   </div>
   <div class='ocr_carea' id='block_1_2' title="bbox 136 567 1402 4524">
    <p class='ocr_par' dir='ltr' id='par_1_2' title="bbox 137 567 1402 1194">
     <span class='ocr_line' id='line_1_2' title="bbox 138 567 1309 658; baseline -0.001 -24"><span class='ocrx_word' id='word_1_2' title='bbox 138 567 359 658; x_wconf 83' lang='lat' dir='ltr'>Andr&#39;ocydis</span> <span class='ocrx_word' id='word_1_3' title='bbox 382 571 505 638; x_wconf 89' lang='lat' dir='ltr'>librum</span> <span class='ocrx_word' id='word_1_4' title='bbox 529 570 677 652; x_wconf 89' lang='lat' dir='ltr'>laudant,</span> <span class='ocrx_word' id='word_1_5' title='bbox 703 573 800 658; x_wconf 86' lang='lat' dir='ltr'>longe</span> <span class='ocrx_word' id='word_1_6' title='bbox 824 571 1070 638; x_wconf 88' lang='lat' dir='ltr'>vetustissimus</span> <span class='ocrx_word' id='word_1_7' title='bbox 1101 577 1151 638; x_wconf 88' lang='lat' dir='ltr'>est</span> <span class='ocrx_word' id='word_1_8' title='bbox 1173 569 1309 656; x_wconf 82' lang='lat' dir='ltr'>Trypho</span> 
     </span>
     <span class='ocr_line' id='line_1_3' title="bbox 138 677 1309 770; baseline -0.001 -28"><span class='ocrx_word' id='word_1_9' title='bbox 138 677 405 758; x_wconf 67' lang='lat' dir='ltr'>Alexandrinus</span> <span class='ocrx_word' id='word_1_10' title='bbox 431 680 596 764; x_wconf 76' lang='lat' dir='ltr'>siquidem</span> <span class='ocrx_word' id='word_1_11' title='bbox 619 681 647 745; x_wconf 91' lang='lat' dir='ltr'>is</span> <span class='ocrx_word' id='word_1_12' title='bbox 671 690 746 769; x_wconf 77' lang='grc' dir='ltr'><strong><em>περὶ</em></strong></span> <span class='ocrx_word' id='word_1_13' title='bbox 769 683 900 770; x_wconf 80' lang='grc' dir='ltr'><strong><em>τρόποιν</em></strong></span> <span class='ocrx_word' id='word_1_14' title='bbox 924 678 1015 757; x_wconf 88' lang='lat' dir='ltr'>liber,</span> <span class='ocrx_word' id='word_1_15' title='bbox 1040 681 1075 744; x_wconf 91' lang='lat' dir='ltr'>in</span> <span class='ocrx_word' id='word_1_16' title='bbox 1099 701 1166 764; x_wconf 86' lang='lat' dir='ltr'>quo</span> <span class='ocrx_word' id='word_1_17' title='bbox 1182 677 1309 742; x_wconf 88' lang='lat' dir='ltr'>Andro·</span> 
     </span>
     <span class='ocr_line' id='line_1_4' title="bbox 140 785 1308 876; baseline -0.002 -26"><span class='ocrx_word' id='word_1_18' title='bbox 140 786 249 871; x_wconf 88' lang='lat' dir='ltr'>cydes</span> <span class='ocrx_word' id='word_1_19' title='bbox 273 785 438 876; x_wconf 89' lang='lat' dir='ltr'>laudatur,</span> <span class='ocrx_word' id='word_1_20' title='bbox 463 795 549 852; x_wconf 88' lang='lat' dir='ltr'>recte</span> <span class='ocrx_word' id='word_1_21' title='bbox 572 787 730 870; x_wconf 73' lang='lat' dir='ltr'><strong>tribuitur</strong></span> <span class='ocrx_word' id='word_1_22' title='bbox 753 787 926 872; x_wconf 82' lang='lat' dir='ltr'>Tryphoni</span> <span class='ocrx_word' id='word_1_23' title='bbox 951 786 1195 864; x_wconf 71' lang='lat' dir='ltr'>Alexandrino,</span> <span class='ocrx_word' id='word_1_24' title='bbox 1229 807 1308 850; x_wconf 89' lang='lat' dir='ltr'>nam</span> 
     </span>
     <span class='ocr_line' id='line_1_5' title="bbox 140 891 1402 985; baseline -0.002 -28"><span class='ocrx_word' id='word_1_25' title='bbox 140 891 215 958; x_wconf 94' lang='lat' dir='ltr'>duo</span> <span class='ocrx_word' id='word_1_26' title='bbox 240 900 373 958; x_wconf 88' lang='lat' dir='ltr'>exstant</span> <span class='ocrx_word' id='word_1_27' title='bbox 395 907 469 985; x_wconf 75' lang='grc' dir='ltr'><strong><em>περὶ</em></strong></span> <span class='ocrx_word' id='word_1_28' title='bbox 493 897 624 985; x_wconf 80' lang='grc' dir='ltr'><strong><em>τρόπον</em></strong></span> <span class='ocrx_word' id='word_1_29' title='bbox 647 894 894 960; x_wconf 73' lang='lat' dir='ltr'>dissertationes</span> <span class='ocrx_word' id='word_1_30' title='bbox 926 894 962 958; x_wconf 91' lang='lat' dir='ltr'>in</span> <span class='ocrx_word' id='word_1_31' title='bbox 996 893 1091 959; x_wconf 92' lang='lat' dir='ltr'>codd.</span> <span class='ocrx_word' id='word_1_32' title='bbox 1125 915 1205 959; x_wconf 85' lang='lat' dir='ltr'>msc.</span> <span class='ocrx_word' id='word_1_33' title='bbox 1230 893 1308 977; x_wconf 92' lang='lat' dir='ltr'>Try·</span> <span class='ocrx_word' id='word_1_34' title='bbox 1395 897 1402 916; x_wconf 83' lang='lat'><strong>‘</strong></span> 
     </span>
     <span class='ocr_line' id='line_1_6' title="bbox 139 998 1314 1087; baseline -0.001 -23"><span class='ocrx_word' id='word_1_35' title='bbox 139 999 253 1084; x_wconf 90' lang='lat' dir='ltr'>phoni</span> <span class='ocrx_word' id='word_1_36' title='bbox 296 1001 491 1087; x_wconf 73' lang='lat' dir='ltr'>adscriptae,</span> <span class='ocrx_word' id='word_1_37' title='bbox 534 1023 678 1087; x_wconf 88' lang='lat' dir='ltr'>quarum</span> <span class='ocrx_word' id='word_1_38' title='bbox 720 1024 787 1066; x_wconf 90' lang='lat' dir='ltr'>una</span> <span class='ocrx_word' id='word_1_39' title='bbox 822 1007 954 1067; x_wconf 84' lang='lat' dir='ltr'>tantum</span> <span class='ocrx_word' id='word_1_40' title='bbox 995 1001 1169 1087; x_wconf 84' lang='lat' dir='ltr'>Tryphoni</span> <span class='ocrx_word' id='word_1_41' title='bbox 1207 998 1314 1064; x_wconf 89' lang='lat' dir='ltr'>tribui</span> 
     </span>
     <span class='ocr_line' id='line_1_7' title="bbox 137 1108 1218 1194; baseline -0.001 -22"><span class='ocrx_word' id='word_1_42' title='bbox 137 1113 264 1191; x_wconf 88' lang='lat' dir='ltr'>potest,</span> <span class='ocrx_word' id='word_1_43' title='bbox 289 1109 427 1174; x_wconf 89' lang='lat' dir='ltr'>alteram</span> <span class='ocrx_word' id='word_1_44' title='bbox 450 1109 533 1186; x_wconf 77' lang='lat' dir='ltr'>falso</span> <span class='ocrx_word' id='word_1_45' title='bbox 556 1108 731 1194; x_wconf 86' lang='lat' dir='ltr'>Tryphoni</span> <span class='ocrx_word' id='word_1_46' title='bbox 754 1109 956 1194; x_wconf 82' lang='lat' dir='ltr'>adscriptam</span> <span class='ocrx_word' id='word_1_47' title='bbox 985 1129 1056 1174; x_wconf 89' lang='lat' dir='ltr'>esse</span> <span class='ocrx_word' id='word_1_48' title='bbox 1081 1113 1218 1193; x_wconf 91' lang='lat' dir='ltr'>oportet.</span> 
     </span>
    </p>

    <p class='ocr_par' dir='ltr' id='par_1_3' title="bbox 136 1214 1381 1924">
     <span class='ocr_line' id='line_1_8' title="bbox 252 1214 1310 1302; baseline -0.003 -22"><span class='ocrx_word' id='word_1_49' title='bbox 252 1215 441 1282; x_wconf 83' lang='lat' dir='ltr'>Oensehant</span> <span class='ocrx_word' id='word_1_50' title='bbox 466 1238 542 1282; x_wconf 92' lang='lat' dir='ltr'>vero</span> <span class='ocrx_word' id='word_1_51' title='bbox 566 1216 660 1281; x_wconf 87' lang='lat' dir='ltr'>Walz</span> <span class='ocrx_word' id='word_1_52' title='bbox 690 1223 722 1281; x_wconf 89' lang='lat' dir='ltr'>et</span> <span class='ocrx_word' id='word_1_53' title='bbox 746 1217 899 1302; x_wconf 82' lang='lat' dir='ltr'>Spengel,</span> <span class='ocrx_word' id='word_1_54' title='bbox 934 1215 1057 1301; x_wconf 91' lang='lat' dir='ltr'>quibus</span> <span class='ocrx_word' id='word_1_55' title='bbox 1088 1214 1310 1300; x_wconf 84' lang='lat' dir='ltr'>adstipulatur</span> 
     </span>
     <span class='ocr_line' id='line_1_9' title="bbox 136 1320 1307 1410; baseline -0.001 -24"><span class='ocrx_word' id='word_1_56' title='bbox 136 1320 181 1387; x_wconf 87' lang='lat' dir='ltr'>A.</span> <span class='ocrx_word' id='word_1_57' title='bbox 210 1321 252 1387; x_wconf 89' lang='lat' dir='ltr'>de</span> <span class='ocrx_word' id='word_1_58' title='bbox 276 1322 409 1402; x_wconf 88' lang='lat' dir='ltr'>Velsen,</span> <span class='ocrx_word' id='word_1_59' title='bbox 434 1323 624 1409; x_wconf 85' lang='lat' dir='ltr'>Tryphonis</span> <span class='ocrx_word' id='word_1_60' title='bbox 655 1330 829 1410; x_wconf 87' lang='lat' dir='ltr'>grammat.</span> <span class='ocrx_word' id='word_1_61' title='bbox 864 1323 1043 1388; x_wconf 85' lang='lat' dir='ltr'>Alexandr.</span> <span class='ocrx_word' id='word_1_62' title='bbox 1068 1323 1177 1407; x_wconf 67' lang='lat' dir='ltr'>lrgm,</span> <span class='ocrx_word' id='word_1_63' title='bbox 1202 1321 1307 1386; x_wconf 88' lang='lat' dir='ltr'>Berol.</span> 
     </span>
     <span class='ocr_line' id='line_1_10' title="bbox 143 1428 1381 1521; baseline 0 -29"><span class='ocrx_word' id='word_1_64' title='bbox 143 1428 233 1494; x_wconf 87' lang='lat'>1853</span> <span class='ocrx_word' id='word_1_65' title='bbox 258 1452 289 1516; x_wconf 95' lang='lat' dir='ltr'>p.</span> <span class='ocrx_word' id='word_1_66' title='bbox 318 1429 471 1509; x_wconf 76' lang='lat' dir='ltr'>100s101,</span> <span class='ocrx_word' id='word_1_67' title='bbox 503 1451 581 1496; x_wconf 91' lang='lat' dir='ltr'>eum</span> <span class='ocrx_word' id='word_1_68' title='bbox 604 1443 678 1521; x_wconf 71' lang='grc' dir='ltr'><strong><em>περὶ</em></strong></span> <span class='ocrx_word' id='word_1_69' title='bbox 700 1433 832 1521; x_wconf 80' lang='grc' dir='ltr'><strong><em>τρόπον</em></strong></span> <span class='ocrx_word' id='word_1_70' title='bbox 863 1429 996 1508; x_wconf 92' lang='lat' dir='ltr'>librum,</span> <span class='ocrx_word' id='word_1_71' title='bbox 1032 1430 1067 1493; x_wconf 94' lang='lat' dir='ltr'>in</span> <span class='ocrx_word' id='word_1_72' title='bbox 1092 1451 1158 1514; x_wconf 87' lang='lat' dir='ltr'>quo</span> <span class='ocrx_word' id='word_1_73' title='bbox 1183 1429 1308 1492; x_wconf 91' lang='lat' dir='ltr'>Andro·</span> <span class='ocrx_word' id='word_1_74' title='bbox 1378 1513 1381 1520; x_wconf 21' lang='grc' dir='ltr'>Ι</span> 
     </span>
     <span class='ocr_line' id='line_1_11' title="bbox 138 1535 1309 1622; baseline 0 -22"><span class='ocrx_word' id='word_1_75' title='bbox 138 1535 246 1621; x_wconf 90' lang='lat' dir='ltr'>cydes</span> <span class='ocrx_word' id='word_1_76' title='bbox 275 1543 388 1603; x_wconf 90' lang='lat' dir='ltr'>noster</span> <span class='ocrx_word' id='word_1_77' title='bbox 421 1538 585 1617; x_wconf 88' lang='lat' dir='ltr'>laudatur,</span> <span class='ocrx_word' id='word_1_78' title='bbox 621 1545 706 1604; x_wconf 88' lang='lat' dir='ltr'>recte</span> <span class='ocrx_word' id='word_1_79' title='bbox 742 1539 880 1603; x_wconf 77' lang='lat' dir='ltr'>fortasse</span> <span class='ocrx_word' id='word_1_80' title='bbox 915 1537 1017 1602; x_wconf 89' lang='lat' dir='ltr'>tribui</span> <span class='ocrx_word' id='word_1_81' title='bbox 1040 1536 1212 1622; x_wconf 89' lang='lat' dir='ltr'>Tryphoni</span> <span class='ocrx_word' id='word_1_82' title='bbox 1237 1536 1309 1600; x_wconf 90' lang='lat' dir='ltr'>Ale-</span> 
     </span>
     <span class='ocr_line' id='line_1_12' title="bbox 138 1625 1309 1730; baseline -0.001 -23"><span class='ocrx_word' id='word_1_83' title='bbox 138 1625 311 1709; x_wconf 81' lang='lat' dir='ltr'>xandrino</span> <span class='ocrx_word' id='word_1_84' title='bbox 334 1645 562 1730; x_wconf 89' lang='lat' dir='ltr'>grammatico,</span> <span class='ocrx_word' id='word_1_85' title='bbox 596 1646 739 1712; x_wconf 88' lang='lat' dir='ltr'>alterum</span> <span class='ocrx_word' id='word_1_86' title='bbox 772 1667 843 1710; x_wconf 86' lang='lat' dir='ltr'>csse</span> <span class='ocrx_word' id='word_1_87' title='bbox 877 1645 1028 1730; x_wconf 86' lang='lat' dir='ltr'>Gregorii</span> <span class='ocrx_word' id='word_1_88' title='bbox 1052 1643 1225 1720; x_wconf 81' lang='lat' dir='ltr'>Corinthii,</span> <span class='ocrx_word' id='word_1_89' title='bbox 1250 1643 1309 1728; x_wconf 85' lang='lat' dir='ltr'>qui</span> 
     </span>
     <span class='ocr_line' id='line_1_13' title="bbox 138 1749 1307 1837; baseline 0.002 -23"><span class='ocrx_word' id='word_1_90' title='bbox 138 1750 302 1816; x_wconf 90' lang='lat' dir='ltr'>utebatur</span> <span class='ocrx_word' id='word_1_91' title='bbox 324 1751 514 1837; x_wconf 89' lang='lat' dir='ltr'>Tryphonis</span> <span class='ocrx_word' id='word_1_92' title='bbox 539 1751 631 1831; x_wconf 91' lang='lat' dir='ltr'>libro,</span> <span class='ocrx_word' id='word_1_93' title='bbox 656 1752 715 1818; x_wconf 87' lang='lat' dir='ltr'>sed</span> <span class='ocrx_word' id='word_1_94' title='bbox 738 1753 844 1818; x_wconf 89' lang='lat' dir='ltr'>multa</span> <span class='ocrx_word' id='word_1_95' title='bbox 867 1753 920 1818; x_wconf 89' lang='lat' dir='ltr'>vel</span> <span class='ocrx_word' id='word_1_96' title='bbox 944 1774 985 1816; x_wconf 88' lang='lat' dir='ltr'>ex</span> <span class='ocrx_word' id='word_1_97' title='bbox 1010 1773 1044 1816; x_wconf 85' lang='lat' dir='ltr'>se</span> <span class='ocrx_word' id='word_1_98' title='bbox 1067 1751 1140 1836; x_wconf 89' lang='lat' dir='ltr'>ipso</span> <span class='ocrx_word' id='word_1_99' title='bbox 1165 1750 1217 1815; x_wconf 90' lang='lat' dir='ltr'>vel</span> <span class='ocrx_word' id='word_1_100' title='bbox 1234 1749 1307 1816; x_wconf 83' lang='lat' dir='ltr'>aliis</span> 
     </span>
     <span class='ocr_line' id='line_1_14' title="bbox 138 1857 560 1924; baseline 0.005 -2"><span class='ocrx_word' id='word_1_101' title='bbox 138 1879 184 1922; x_wconf 86' lang='lat' dir='ltr'>ex</span> <span class='ocrx_word' id='word_1_102' title='bbox 208 1857 401 1924; x_wconf 92' lang='lat' dir='ltr'>auctoribus</span> <span class='ocrx_word' id='word_1_103' title='bbox 424 1858 560 1924; x_wconf 88' lang='lat' dir='ltr'>addidit.</span> 
     </span>
    </p>

    <p class='ocr_par' dir='ltr' id='par_1_4' title="bbox 138 1965 1370 3018">
     <span class='ocr_line' id='line_1_15' title="bbox 250 1965 1309 2052; baseline -0.001 -23"><span class='ocrx_word' id='word_1_104' title='bbox 250 1965 300 2031; x_wconf 91' lang='lat' dir='ltr'>De</span> <span class='ocrx_word' id='word_1_105' title='bbox 312 1966 492 2052; x_wconf 91' lang='lat' dir='ltr'>Tryphone</span> <span class='ocrx_word' id='word_1_106' title='bbox 500 1967 727 2032; x_wconf 89' lang='lat' dir='ltr'>Alexandrino</span> <span class='ocrx_word' id='word_1_107' title='bbox 740 1973 862 2044; x_wconf 89' lang='lat' dir='ltr'>autem,</span> <span class='ocrx_word' id='word_1_108' title='bbox 872 1967 1043 2031; x_wconf 91' lang='lat' dir='ltr'>Ammonii</span> <span class='ocrx_word' id='word_1_109' title='bbox 1059 1966 1135 2044; x_wconf 88' lang='lat' dir='ltr'>filio,</span> <span class='ocrx_word' id='word_1_110' title='bbox 1145 1986 1309 2050; x_wconf 89' lang='lat' dir='ltr'>gramma·</span> 
     </span>
     <span class='ocr_line' id='line_1_16' title="bbox 138 2072 1370 2166; baseline 0.002 -29"><span class='ocrx_word' id='word_1_111' title='bbox 138 2072 208 2138; x_wconf 76' lang='lat' dir='ltr'>lico</span> <span class='ocrx_word' id='word_1_112' title='bbox 228 2079 261 2136; x_wconf 80' lang='lat' dir='ltr'>et</span> <span class='ocrx_word' id='word_1_113' title='bbox 283 2079 389 2158; x_wconf 72' lang='lat' dir='ltr'>pocta,</span> <span class='ocrx_word' id='word_1_114' title='bbox 415 2074 516 2138; x_wconf 86' lang='lat' dir='ltr'>tradit</span> <span class='ocrx_word' id='word_1_115' title='bbox 539 2074 658 2140; x_wconf 81' lang='lat' dir='ltr'>Suidas</span> <span class='ocrx_word' id='word_1_116' title='bbox 683 2097 706 2140; x_wconf 81' lang='lat' dir='ltr'>S.</span> <span class='ocrx_word' id='word_1_117' title='bbox 732 2097 762 2140; x_wconf 82' lang='lat' dir='ltr'>v.</span> <span class='ocrx_word' id='word_1_118' title='bbox 792 2077 941 2166; x_wconf 73' lang='grc' dir='ltr'>Τρύφωνι</span> <span class='ocrx_word' id='word_1_119' title='bbox 967 2075 1102 2157; x_wconf 78' lang='grc' dir='ltr'><strong><em>γεγονώς</em></strong></span> <span class='ocrx_word' id='word_1_120' title='bbox 1126 2074 1212 2139; x_wconf 75' lang='lat' dir='ltr'>nard</span> <span class='ocrx_word' id='word_1_121' title='bbox 1237 2074 1309 2152; x_wconf 68' lang='grc' dir='ltr'>τούς</span> <span class='ocrx_word' id='word_1_122' title='bbox 1365 2143 1370 2154; x_wconf 65' lang='lat'>‚</span> 
     </span>
     <span class='ocr_line' id='line_1_17' title="bbox 139 2178 1306 2273; baseline -0.003 -29"><span class='ocrx_word' id='word_1_123' title='bbox 139 2179 335 2263; x_wconf 73' lang='grc' dir='ltr'><em>Αὐγούστου</em></span> <span class='ocrx_word' id='word_1_124' title='bbox 358 2178 490 2270; x_wconf 84' lang='grc' dir='ltr'><strong><em>χρόνους</em></strong></span> <span class='ocrx_word' id='word_1_125' title='bbox 505 2193 560 2248; x_wconf 81' lang='grc' dir='ltr'>καῖ</span> <span class='ocrx_word' id='word_1_126' title='bbox 576 2180 743 2273; x_wconf 76' lang='grc' dir='ltr'><strong><em>πρότερον,</em></strong></span> <span class='ocrx_word' id='word_1_127' title='bbox 768 2183 787 2246; x_wconf 88' lang='lat' dir='ltr'>i.</span> <span class='ocrx_word' id='word_1_128' title='bbox 815 2204 839 2247; x_wconf 86' lang='lat' dir='ltr'>c.</span> <span class='ocrx_word' id='word_1_129' title='bbox 867 2181 1003 2267; x_wconf 88' lang='lat' dir='ltr'>Trypho</span> <span class='ocrx_word' id='word_1_130' title='bbox 1028 2180 1140 2245; x_wconf 79' lang='lat' dir='ltr'>floruit</span> <span class='ocrx_word' id='word_1_131' title='bbox 1163 2217 1203 2224; x_wconf 89' lang='lat'>-—</span> <span class='ocrx_word' id='word_1_132' title='bbox 1229 2200 1306 2242; x_wconf 83' lang='lat' dir='ltr'>narn</span> 
     </span>
     <span class='ocr_line' id='line_1_18' title="bbox 138 2285 1306 2374; baseline -0.002 -24"><span class='ocrx_word' id='word_1_133' title='bbox 138 2286 226 2351; x_wconf 89' lang='lat' dir='ltr'>haec</span> <span class='ocrx_word' id='word_1_134' title='bbox 251 2293 300 2352; x_wconf 90' lang='lat' dir='ltr'>est</span> <span class='ocrx_word' id='word_1_135' title='bbox 322 2287 416 2354; x_wconf 90' lang='lat' dir='ltr'>verbi</span> <span class='ocrx_word' id='word_1_136' title='bbox 449 2291 588 2372; x_wconf 73' lang='grc' dir='ltr'><strong><em>γεγονώς</em></strong></span> <span class='ocrx_word' id='word_1_137' title='bbox 622 2289 836 2374; x_wconf 85' lang='lat' dir='ltr'>significatio,</span> <span class='ocrx_word' id='word_1_138' title='bbox 872 2290 912 2353; x_wconf 79' lang='lat' dir='ltr'>cl.</span> <span class='ocrx_word' id='word_1_139' title='bbox 938 2287 978 2352; x_wconf 88' lang='lat' dir='ltr'>A.</span> <span class='ocrx_word' id='word_1_140' title='bbox 1014 2287 1054 2352; x_wconf 90' lang='lat' dir='ltr'>de</span> <span class='ocrx_word' id='word_1_141' title='bbox 1083 2287 1215 2362; x_wconf 87' lang='lat' dir='ltr'>Velscn,</span> <span class='ocrx_word' id='word_1_142' title='bbox 1241 2285 1259 2349; x_wconf 91' lang='lat' dir='ltr'>l.</span> <span class='ocrx_word' id='word_1_143' title='bbox 1287 2286 1306 2348; x_wconf 94' lang='lat' dir='ltr'>l.</span> 
     </span>
     <span class='ocr_line' id='line_1_19' title="bbox 140 2392 1339 2478; baseline -0.001 -21"><span class='ocrx_word' id='word_1_144' title='bbox 140 2416 174 2478; x_wconf 92' lang='lat' dir='ltr'>p.</span> <span class='ocrx_word' id='word_1_145' title='bbox 205 2394 233 2458; x_wconf 90' lang='lat'>1.</span> <span class='ocrx_word' id='word_1_146' title='bbox 259 2395 306 2473; x_wconf 80' lang='lat'>2.;</span> <span class='ocrx_word' id='word_1_147' title='bbox 346 2395 383 2458; x_wconf 87' lang='lat' dir='ltr'>E.</span> <span class='ocrx_word' id='word_1_148' title='bbox 409 2394 537 2474; x_wconf 85' lang='lat' dir='ltr'>Rohde,</span> <span class='ocrx_word' id='word_1_149' title='bbox 562 2397 646 2461; x_wconf 89' lang='lat' dir='ltr'>Mus.</span> <span class='ocrx_word' id='word_1_150' title='bbox 683 2395 1045 2474; x_wconf 80' lang='lat' dir='ltr'>Rheu.XXXllI,179</span> <span class='ocrx_word' id='word_1_151' title='bbox 1081 2416 1128 2478; x_wconf 92' lang='lat' dir='ltr'>sq.</span> <span class='ocrx_word' id='word_1_152' title='bbox 1155 2431 1195 2440; x_wconf 93' lang='lat'><em>-</em></span> <span class='ocrx_word' id='word_1_153' title='bbox 1221 2392 1339 2457; x_wconf 70' lang='lat' dir='ltr'>circa&#39;</span> 
     </span>
     <span class='ocr_line' id='line_1_20' title="bbox 140 2501 1302 2589; baseline -0.001 -25"><span class='ocrx_word' id='word_1_154' title='bbox 140 2501 466 2586; x_wconf 85' lang='lat' dir='ltr'>quinquagesimum</span> <span class='ocrx_word' id='word_1_155' title='bbox 503 2502 556 2568; x_wconf 89' lang='lat' dir='ltr'>vel</span> <span class='ocrx_word' id='word_1_156' title='bbox 594 2503 890 2589; x_wconf 88' lang='lat' dir='ltr'>quadragesimum</span> <span class='ocrx_word' id='word_1_157' title='bbox 928 2523 956 2566; x_wconf 90' lang='lat' dir='ltr'>a.</span> <span class='ocrx_word' id='word_1_158' title='bbox 997 2501 1056 2566; x_wconf 83' lang='lat' dir='ltr'>Ch.</span> <span class='ocrx_word' id='word_1_159' title='bbox 1097 2523 1129 2564; x_wconf 92' lang='lat' dir='ltr'>n.</span> <span class='ocrx_word' id='word_1_160' title='bbox 1165 2521 1302 2564; x_wconf 89' lang='lat' dir='ltr'>annum.</span> 
     </span>
     <span class='ocr_line' id='line_1_21' title="bbox 139 2606 1306 2696; baseline 0.001 -25"><span class='ocrx_word' id='word_1_161' title='bbox 139 2606 361 2693; x_wconf 81' lang='lat' dir='ltr'>Androcydes</span> <span class='ocrx_word' id='word_1_162' title='bbox 384 2609 495 2694; x_wconf 87' lang='lat' dir='ltr'>igitur,</span> <span class='ocrx_word' id='word_1_163' title='bbox 520 2631 622 2695; x_wconf 92' lang='lat' dir='ltr'>quem</span> <span class='ocrx_word' id='word_1_164' title='bbox 646 2610 782 2696; x_wconf 86' lang='lat' dir='ltr'>Trypho</span> <span class='ocrx_word' id='word_1_165' title='bbox 806 2609 929 2685; x_wconf 86' lang='lat' dir='ltr'>laudat,</span> <span class='ocrx_word' id='word_1_166' title='bbox 954 2609 1046 2686; x_wconf 88' lang='lat' dir='ltr'>vixit,</span> <span class='ocrx_word' id='word_1_167' title='bbox 1083 2607 1110 2673; x_wconf 88' lang='lat' dir='ltr'>si</span> <span class='ocrx_word' id='word_1_168' title='bbox 1149 2628 1227 2672; x_wconf 88' lang='lat' dir='ltr'>vera</span> <span class='ocrx_word' id='word_1_169' title='bbox 1258 2613 1306 2672; x_wconf 83' lang='lat' dir='ltr'>est</span> 
     </span>
     <span class='ocr_line' id='line_1_22' title="bbox 140 2713 1304 2816; baseline -0.003 -36"><span class='ocrx_word' id='word_1_170' title='bbox 140 2714 262 2780; x_wconf 84' lang='lat' dir='ltr'>Walzii</span> <span class='ocrx_word' id='word_1_171' title='bbox 286 2720 319 2779; x_wconf 92' lang='lat' dir='ltr'>et</span> <span class='ocrx_word' id='word_1_172' title='bbox 343 2715 511 2800; x_wconf 82' lang='lat' dir='ltr'>Spengclii</span> <span class='ocrx_word' id='word_1_173' title='bbox 534 2717 656 2802; x_wconf 88' lang='lat' dir='ltr'>opinio,</span> <span class='ocrx_word' id='word_1_174' title='bbox 681 2724 739 2782; x_wconf 89' lang='lat' dir='ltr'>aut</span> <span class='ocrx_word' id='word_1_175' title='bbox 761 2713 1108 2816; x_wconf 67' lang='lat' dir='ltr'>eisdemtemporihus</span> <span class='ocrx_word' id='word_1_176' title='bbox 1125 2719 1182 2778; x_wconf 89' lang='lat' dir='ltr'>aut</span> <span class='ocrx_word' id='word_1_177' title='bbox 1198 2719 1304 2788; x_wconf 86' lang='lat' dir='ltr'>antea,</span> 
     </span>
     <span class='ocr_line' id='line_1_23' title="bbox 140 2820 1305 2910; baseline -0.003 -24"><span class='ocrx_word' id='word_1_178' title='bbox 140 2827 174 2887; x_wconf 88' lang='lat' dir='ltr'>et</span> <span class='ocrx_word' id='word_1_179' title='bbox 198 2821 282 2886; x_wconf 89' lang='lat' dir='ltr'>liber</span> <span class='ocrx_word' id='word_1_180' title='bbox 306 2821 346 2887; x_wconf 93' lang='lat' dir='ltr'>de</span> <span class='ocrx_word' id='word_1_181' title='bbox 363 2823 522 2908; x_wconf 86' lang='lat' dir='ltr'>symbolis</span> <span class='ocrx_word' id='word_1_182' title='bbox 539 2824 767 2910; x_wconf 85' lang='lat' dir='ltr'>Pythagoricis</span> <span class='ocrx_word' id='word_1_183' title='bbox 784 2832 843 2889; x_wconf 86' lang='lat' dir='ltr'>aut</span> <span class='ocrx_word' id='word_1_184' title='bbox 857 2832 934 2889; x_wconf 90' lang='lat' dir='ltr'>ante</span> <span class='ocrx_word' id='word_1_185' title='bbox 950 2830 1009 2888; x_wconf 91' lang='lat' dir='ltr'>aut</span> <span class='ocrx_word' id='word_1_186' title='bbox 1024 2822 1111 2887; x_wconf 88' lang='lat' dir='ltr'>circa</span> <span class='ocrx_word' id='word_1_187' title='bbox 1127 2820 1305 2886; x_wconf 91' lang='lat' dir='ltr'>dimidium</span> 
     </span>
     <span class='ocr_line' id='line_1_24' title="bbox 140 2929 895 3018; baseline 0.004 -25"><span class='ocrx_word' id='word_1_188' title='bbox 140 2929 242 3014; x_wconf 90' lang='lat' dir='ltr'>primi</span> <span class='ocrx_word' id='word_1_189' title='bbox 266 2950 294 2996; x_wconf 89' lang='lat' dir='ltr'>a.</span> <span class='ocrx_word' id='word_1_190' title='bbox 320 2929 379 2994; x_wconf 85' lang='lat' dir='ltr'>Oh.</span> <span class='ocrx_word' id='word_1_191' title='bbox 405 2952 436 2994; x_wconf 93' lang='lat' dir='ltr'>n.</span> <span class='ocrx_word' id='word_1_192' title='bbox 462 2931 584 2996; x_wconf 91' lang='lat' dir='ltr'>saeculi</span> <span class='ocrx_word' id='word_1_193' title='bbox 608 2933 814 3018; x_wconf 89' lang='lat' dir='ltr'>conscriptus</span> <span class='ocrx_word' id='word_1_194' title='bbox 838 2939 895 2998; x_wconf 89' lang='lat' dir='ltr'>est.</span> 
     </span>
    </p>

    <p class='ocr_par' dir='ltr' id='par_1_5' title="bbox 139 3034 1305 4524">
     <span class='ocr_line' id='line_1_25' title="bbox 248 3034 1305 3124; baseline -0.004 -22"><span class='ocrx_word' id='word_1_195' title='bbox 248 3037 475 3102; x_wconf 87' lang='lat' dir='ltr'>Nominantur</span> <span class='ocrx_word' id='word_1_196' title='bbox 508 3060 587 3104; x_wconf 89' lang='lat' dir='ltr'>vero</span> <span class='ocrx_word' id='word_1_197' title='bbox 617 3045 747 3124; x_wconf 91' lang='lat' dir='ltr'>praeter</span> <span class='ocrx_word' id='word_1_198' title='bbox 776 3037 1011 3124; x_wconf 89' lang='lat' dir='ltr'>Androcydcm</span> <span class='ocrx_word' id='word_1_199' title='bbox 1044 3034 1305 3122; x_wconf 84' lang='lat' dir='ltr'>Pythagoricum</span> 
     </span>
     <span class='ocr_line' id='line_1_26' title="bbox 141 3141 1305 3231; baseline -0.003 -23"><span class='ocrx_word' id='word_1_200' title='bbox 141 3151 174 3208; x_wconf 92' lang='lat' dir='ltr'>et</span> <span class='ocrx_word' id='word_1_201' title='bbox 196 3142 415 3229; x_wconf 87' lang='lat' dir='ltr'>Androcydes</span> <span class='ocrx_word' id='word_1_202' title='bbox 440 3146 555 3231; x_wconf 90' lang='lat' dir='ltr'>pictor,</span> <span class='ocrx_word' id='word_1_203' title='bbox 580 3147 675 3211; x_wconf 91' lang='lat' dir='ltr'>cuius</span> <span class='ocrx_word' id='word_1_204' title='bbox 698 3146 828 3211; x_wconf 88' lang='lat' dir='ltr'>tabulas</span> <span class='ocrx_word' id='word_1_205' title='bbox 852 3144 1081 3211; x_wconf 89' lang='lat' dir='ltr'>celeberrimas</span> <span class='ocrx_word' id='word_1_206' title='bbox 1105 3143 1155 3207; x_wconf 89' lang='lat' dir='ltr'>bis</span> <span class='ocrx_word' id='word_1_207' title='bbox 1179 3141 1231 3207; x_wconf 88' lang='lat' dir='ltr'>vel</span> <span class='ocrx_word' id='word_1_208' title='bbox 1255 3147 1305 3206; x_wconf 89' lang='lat' dir='ltr'>tor</span> 
     </span>
     <span class='ocr_line' id='line_1_27' title="bbox 139 3248 1304 3339; baseline -0.003 -25"><span class='ocrx_word' id='word_1_209' title='bbox 139 3250 256 3315; x_wconf 85' lang='lat' dir='ltr'>laudat</span> <span class='ocrx_word' id='word_1_210' title='bbox 285 3251 493 3330; x_wconf 86' lang='lat' dir='ltr'>Plutarchus,</span> <span class='ocrx_word' id='word_1_211' title='bbox 529 3261 561 3318; x_wconf 87' lang='lat' dir='ltr'>et</span> <span class='ocrx_word' id='word_1_212' title='bbox 584 3253 800 3339; x_wconf 82' lang='lat' dir='ltr'>Androcydes</span> <span class='ocrx_word' id='word_1_213' title='bbox 835 3253 994 3329; x_wconf 72' lang='lat' dir='ltr'>medicus</span> <span class='ocrx_word' id='word_1_214' title='bbox 1030 3273 1130 3336; x_wconf 87' lang='lat' dir='ltr'>quem</span> <span class='ocrx_word' id='word_1_215' title='bbox 1165 3248 1304 3313; x_wconf 83' lang='lat' dir='ltr'>laudant</span> 
     </span>
     <span class='ocr_line' id='line_1_28' title="bbox 140 3357 1301 3444; baseline -0.002 -23"><span class='ocrx_word' id='word_1_216' title='bbox 140 3357 402 3443; x_wconf 87' lang='lat' dir='ltr'>Theophrastus,</span> <span class='ocrx_word' id='word_1_217' title='bbox 426 3359 501 3424; x_wconf 89' lang='lat' dir='ltr'>hist.</span> <span class='ocrx_word' id='word_1_218' title='bbox 527 3361 629 3444; x_wconf 87' lang='lat' dir='ltr'>plant.</span> <span class='ocrx_word' id='word_1_219' title='bbox 654 3362 813 3440; x_wconf 67' lang='lat' dir='ltr'>ivios</span> <span class='ocrx_word' id='word_1_220' title='bbox 838 3360 886 3425; x_wconf 90' lang='lat' dir='ltr'>cd.</span> <span class='ocrx_word' id='word_1_221' title='bbox 912 3360 1076 3424; x_wconf 89' lang='lat' dir='ltr'>Wimmer</span> <span class='ocrx_word' id='word_1_222' title='bbox 1109 3381 1140 3442; x_wconf 91' lang='lat' dir='ltr'>p.</span> <span class='ocrx_word' id='word_1_223' title='bbox 1169 3357 1228 3420; x_wconf 80' lang='lat'>137</span> <span class='ocrx_word' id='word_1_224' title='bbox 1253 3378 1301 3440; x_wconf 85' lang='lat' dir='ltr'>sq.</span> 
     </span>
     <span class='ocr_line' id='line_1_29' title="bbox 140 3457 1303 3554; baseline 0 -27"><span class='ocrx_word' id='word_1_225' title='bbox 140 3463 193 3550; x_wconf 72' lang='grc' dir='ltr'>(ιτ-</span> <span class='ocrx_word' id='word_1_226' title='bbox 216 3464 303 3529; x_wconf 89' lang='lat' dir='ltr'>Plin.</span> <span class='ocrx_word' id='word_1_227' title='bbox 330 3472 407 3530; x_wconf 73' lang='lat' dir='ltr'>nat:</span> <span class='ocrx_word' id='word_1_228' title='bbox 422 3466 497 3531; x_wconf 89' lang='lat' dir='ltr'>hist.</span> <span class='ocrx_word' id='word_1_229' title='bbox 523 3467 700 3546; x_wconf 71' lang='lat' dir='ltr'>xvssalo</span> <span class='ocrx_word' id='word_1_230' title='bbox 726 3467 922 3554; x_wconf 84' lang='lat' dir='ltr'>Detlelsen):</span> <span class='ocrx_word' id='word_1_231' title='bbox 954 3468 1026 3534; x_wconf 74' lang='grc' dir='ltr'><strong><em>ι’·’νια</em></strong></span> <span class='ocrx_word' id='word_1_232' title='bbox 1052 3468 1090 3554; x_wconf 64' lang='grc' dir='ltr'>δὲ</span> <span class='ocrx_word' id='word_1_233' title='bbox 1112 3457 1150 3533; x_wconf 75' lang='grc' dir='ltr'>οὗ</span> <span class='ocrx_word' id='word_1_234' title='bbox 1174 3472 1303 3551; x_wconf 73' lang='grc' dir='ltr'>φθείρει</span> 
     </span>
     <span class='ocr_line' id='line_1_30' title="bbox 139 3573 1302 3662; baseline -0.003 -23"><span class='ocrx_word' id='word_1_235' title='bbox 139 3583 209 3657; x_wconf 78' lang='grc' dir='ltr'><strong><em>μέν,</em></strong></span> <span class='ocrx_word' id='word_1_236' title='bbox 234 3585 330 3662; x_wconf 77' lang='grc' dir='ltr'><strong><em>χείρω</em></strong></span> <span class='ocrx_word' id='word_1_237' title='bbox 354 3575 389 3640; x_wconf 76' lang='grc' dir='ltr'>δὲ</span> <span class='ocrx_word' id='word_1_238' title='bbox 414 3586 504 3640; x_wconf 86' lang='grc' dir='ltr'><strong><em>ποιεῖ</em></strong></span> <span class='ocrx_word' id='word_1_239' title='bbox 525 3592 596 3654; x_wconf 80' lang='grc' dir='ltr'><strong><em>ταῖς</em></strong></span> <span class='ocrx_word' id='word_1_240' title='bbox 620 3578 775 3660; x_wconf 81' lang='grc' dir='ltr'><strong><em>δυνάμεσι</em></strong></span> <span class='ocrx_word' id='word_1_241' title='bbox 804 3583 870 3643; x_wconf 75' lang='grc' dir='ltr'>τῶν</span> <span class='ocrx_word' id='word_1_242' title='bbox 894 3574 1001 3660; x_wconf 74' lang='grc' dir='ltr'><strong><em>χολοῖν</em></strong></span> <span class='ocrx_word' id='word_1_243' title='bbox 1025 3576 1168 3640; x_wconf 77' lang='grc' dir='ltr'><strong><em>καὶτῶν</em></strong></span> <span class='ocrx_word' id='word_1_244' title='bbox 1192 3573 1302 3655; x_wconf 75' lang='grc' dir='ltr'><strong><em>ὀσμῶν</em></strong></span> 
     </span>
     <span class='ocr_line' id='line_1_31' title="bbox 140 3678 1301 3770; baseline -0.003 -24"><span class='ocrx_word' id='word_1_245' title='bbox 140 3679 208 3747; x_wconf 73' lang='grc' dir='ltr'><strong><em>οἷον</em></strong></span> <span class='ocrx_word' id='word_1_246' title='bbox 232 3682 252 3767; x_wconf 76' lang='grc' dir='ltr'><em>ἡ</em></span> <span class='ocrx_word' id='word_1_247' title='bbox 276 3681 421 3766; x_wconf 78' lang='grc' dir='ltr'><em>ῥάφανος</em></span> <span class='ocrx_word' id='word_1_248' title='bbox 444 3693 499 3748; x_wconf 82' lang='grc' dir='ltr'>καὶ</span> <span class='ocrx_word' id='word_1_249' title='bbox 522 3678 543 3766; x_wconf 79' lang='grc' dir='ltr'><em>ἤ</em></span> <span class='ocrx_word' id='word_1_250' title='bbox 567 3685 673 3770; x_wconf 79' lang='grc' dir='ltr'><strong><em>δάφνη</em></strong></span> <span class='ocrx_word' id='word_1_251' title='bbox 697 3685 756 3767; x_wconf 74' lang='grc' dir='ltr'>την</span> <span class='ocrx_word' id='word_1_252' title='bbox 780 3679 953 3768; x_wconf 76' lang='grc' dir='ltr'><strong><em>ἄμπελον·</em></strong></span> <span class='ocrx_word' id='word_1_253' title='bbox 972 3683 1210 3770; x_wconf 62' lang='grc' dir='ltr'><strong><em>ὀσφραίνεσθαι</em></strong></span> <span class='ocrx_word' id='word_1_254' title='bbox 1238 3679 1301 3764; x_wconf 79' lang='grc' dir='ltr'>γάρ</span> 
     </span>
     <span class='ocr_line' id='line_1_32' title="bbox 140 3785 1298 3875; baseline 0.003 -21"><span class='ocrx_word' id='word_1_255' title='bbox 140 3808 212 3870; x_wconf 85' lang='grc' dir='ltr'>φησι</span> <span class='ocrx_word' id='word_1_256' title='bbox 249 3798 306 3853; x_wconf 83' lang='grc' dir='ltr'>καὶ</span> <span class='ocrx_word' id='word_1_257' title='bbox 340 3789 445 3856; x_wconf 79' lang='grc' dir='ltr'><strong><em>ἕλκειν</em></strong></span> <span class='ocrx_word' id='word_1_258' title='bbox 463 3809 468 3820; x_wconf 92' lang='grc'><strong><em>·</em></strong></span> <span class='ocrx_word' id='word_1_259' title='bbox 487 3791 522 3855; x_wconf 77' lang='grc' dir='ltr'>ὄλ</span> <span class='ocrx_word' id='word_1_260' title='bbox 543 3785 561 3854; x_wconf 73' lang='lat' dir='ltr'>l*</span> <span class='ocrx_word' id='word_1_261' title='bbox 585 3801 641 3857; x_wconf 77' lang='grc' dir='ltr'>καὶ</span> <span class='ocrx_word' id='word_1_262' title='bbox 665 3790 746 3857; x_wconf 74' lang='grc' dir='ltr'><strong><em>ὅταν</em></strong></span> <span class='ocrx_word' id='word_1_263' title='bbox 768 3793 786 3857; x_wconf 82' lang='grc' dir='ltr'><em>ὅ</em></span> <span class='ocrx_word' id='word_1_264' title='bbox 809 3792 951 3870; x_wconf 73' lang='grc' dir='ltr'><strong><em>βλαστὸς</em></strong></span> <span class='ocrx_word' id='word_1_265' title='bbox 987 3791 1122 3875; x_wconf 81' lang='grc' dir='ltr'><strong><em>πλησίον</em></strong></span> <span class='ocrx_word' id='word_1_266' title='bbox 1155 3797 1298 3871; x_wconf 74' lang='grc' dir='ltr'><strong><em>γίνηται,</em></strong></span> 
     </span>
     <span class='ocr_line' id='line_1_33' title="bbox 139 3885 1298 3987; baseline 0.001 -30"><span class='ocrx_word' id='word_1_267' title='bbox 139 3895 244 3960; x_wconf 80' lang='grc' dir='ltr'><strong><em>πάλιν</em></strong></span> <span class='ocrx_word' id='word_1_268' title='bbox 266 3895 482 3983; x_wconf 72' lang='grc' dir='ltr'>ἀναστρέφειν</span> <span class='ocrx_word' id='word_1_269' title='bbox 505 3906 562 3962; x_wconf 77' lang='grc' dir='ltr'>καὶ</span> <span class='ocrx_word' id='word_1_270' title='bbox 584 3898 735 3987; x_wconf 75' lang='grc' dir='ltr'><strong><em>ἐκχωρεῖν</em></strong></span> <span class='ocrx_word' id='word_1_271' title='bbox 758 3900 802 3976; x_wconf 66' lang='grc' dir='ltr'>οἷς</span> <span class='ocrx_word' id='word_1_272' title='bbox 826 3902 985 3982; x_wconf 78' lang='grc' dir='ltr'><strong><em>πολεμίας</em></strong></span> <span class='ocrx_word' id='word_1_273' title='bbox 999 3896 1091 3982; x_wconf 71' lang='grc' dir='ltr'><strong><em>οὔσης</em></strong></span> <span class='ocrx_word' id='word_1_274' title='bbox 1114 3900 1170 3980; x_wconf 79' lang='grc' dir='ltr'>τῆς</span> <span class='ocrx_word' id='word_1_275' title='bbox 1187 3885 1298 3977; x_wconf 74' lang='grc' dir='ltr'><strong><em>ὅσμῆς.</em></strong></span> 
     </span>
     <span class='ocr_line' id='line_1_34' title="bbox 140 3999 1298 4094; baseline -0.004 -25"><span class='ocrx_word' id='word_1_276' title='bbox 140 3999 420 4090; x_wconf 76' lang='grc' dir='ltr'><strong><em>Ἀνδροκύδης</em></strong></span> <span class='ocrx_word' id='word_1_277' title='bbox 461 4003 503 4070; x_wconf 75' lang='grc' dir='ltr'>δὲ</span> <span class='ocrx_word' id='word_1_278' title='bbox 541 4015 611 4071; x_wconf 81' lang='grc' dir='ltr'>καῖ</span> <span class='ocrx_word' id='word_1_279' title='bbox 648 4008 975 4094; x_wconf 78' lang='grc' dir='ltr'><strong><em>παραδείγματι</em></strong></span> <span class='ocrx_word' id='word_1_280' title='bbox 1014 4004 1142 4091; x_wconf 76' lang='grc' dir='ltr'><strong><em>τούτῳ</em></strong></span> <span class='ocrx_word' id='word_1_281' title='bbox 1179 4027 1298 4065; x_wconf 81' lang='grc' dir='ltr'><strong><em>κατε·</em></strong></span> 
     </span>
     <span class='ocr_line' id='line_1_35' title="bbox 140 4103 1299 4199; baseline -0.002 -25"><span class='ocrx_word' id='word_1_282' title='bbox 140 4109 322 4197; x_wconf 76' lang='grc' dir='ltr'><strong><em>χρήσαιο</em></strong></span> <span class='ocrx_word' id='word_1_283' title='bbox 346 4107 447 4194; x_wconf 73' lang='grc' dir='ltr'><strong><em>πρὸς</em></strong></span> <span class='ocrx_word' id='word_1_284' title='bbox 472 4111 543 4196; x_wconf 81' lang='grc' dir='ltr'>την</span> <span class='ocrx_word' id='word_1_285' title='bbox 573 4113 788 4199; x_wconf 76' lang='grc' dir='ltr'><strong><em>βοήθειαν</em></strong></span> <span class='ocrx_word' id='word_1_286' title='bbox 811 4112 884 4199; x_wconf 80' lang='grc' dir='ltr'>την</span> <span class='ocrx_word' id='word_1_287' title='bbox 913 4103 1086 4198; x_wconf 67' lang='grc' dir='ltr'><strong><em>α’πὸπῆς</em></strong></span> <span class='ocrx_word' id='word_1_288' title='bbox 1108 4105 1299 4196; x_wconf 78' lang='grc' dir='ltr'>ῥαφάνου</span> 
     </span>
     <span class='ocr_line' id='line_1_36' title="bbox 139 4210 1298 4307; baseline -0.001 -26"><span class='ocrx_word' id='word_1_289' title='bbox 139 4226 378 4301; x_wconf 79' lang='grc' dir='ltr'><strong><em>γινομένην</em></strong></span> <span class='ocrx_word' id='word_1_290' title='bbox 412 4216 517 4307; x_wconf 77' lang='grc' dir='ltr'><strong><em>προς</em></strong></span> <span class='ocrx_word' id='word_1_291' title='bbox 550 4221 621 4287; x_wconf 80' lang='grc' dir='ltr'>οόν</span> <span class='ocrx_word' id='word_1_292' title='bbox 651 4218 773 4287; x_wconf 80' lang='grc' dir='ltr'><strong><em>οἶνον</em></strong></span> <span class='ocrx_word' id='word_1_293' title='bbox 802 4215 854 4299; x_wconf 62' lang='grc' dir='ltr'>οἷς</span> <span class='ocrx_word' id='word_1_294' title='bbox 877 4217 1201 4296; x_wconf 67' lang='grc' dir='ltr'><strong><em>ἐξελαύνουσαν</em></strong></span> <span class='ocrx_word' id='word_1_295' title='bbox 1224 4210 1298 4298; x_wconf 74' lang='grc' dir='ltr'>τήν</span> 
     </span>
     <span class='ocr_line' id='line_1_37' title="bbox 139 4320 1299 4415; baseline -0.004 -26"><span class='ocrx_word' id='word_1_296' title='bbox 139 4332 293 4406; x_wconf 71' lang='grc' dir='ltr'><strong><em>μέθην·</em></strong></span> <span class='ocrx_word' id='word_1_297' title='bbox 319 4321 594 4415; x_wconf 75' lang='grc' dir='ltr'><strong><em>φεύγεινχολρ</em></strong></span> <span class='ocrx_word' id='word_1_298' title='bbox 626 4329 670 4412; x_wconf 79' lang='grc' dir='ltr'><em>δὴ</em></span> <span class='ocrx_word' id='word_1_299' title='bbox 705 4337 778 4394; x_wconf 78' lang='grc' dir='ltr'>καῖ</span> <span class='ocrx_word' id='word_1_300' title='bbox 814 4331 952 4406; x_wconf 77' lang='grc' dir='ltr'><strong><em>ζῶσαν</em></strong></span> <span class='ocrx_word' id='word_1_301' title='bbox 987 4328 1064 4412; x_wconf 75' lang='grc' dir='ltr'>τήν</span> <span class='ocrx_word' id='word_1_302' title='bbox 1105 4320 1299 4409; x_wconf 74' lang='grc' dir='ltr'><strong><em>ἄμπελον</em></strong></span> 
     </span>
     <span class='ocr_line' id='line_1_38' title="bbox 140 4427 1297 4524; baseline -0.004 -27"><span class='ocrx_word' id='word_1_303' title='bbox 140 4431 212 4514; x_wconf 80' lang='grc' dir='ltr'>τήν</span> <span class='ocrx_word' id='word_1_304' title='bbox 244 4431 393 4516; x_wconf 80' lang='grc' dir='ltr'><strong><em>ὀσμήν·</em></strong></span> <span class='ocrx_word' id='word_1_305' title='bbox 412 4435 448 4498; x_wconf 81' lang='grc' dir='ltr'>αλ</span> <span class='ocrx_word' id='word_1_306' title='bbox 470 4440 532 4517; x_wconf 77' lang='grc' dir='ltr'>μὲν</span> <span class='ocrx_word' id='word_1_307' title='bbox 555 4427 614 4501; x_wconf 75' lang='grc' dir='ltr'>οὖν</span> <span class='ocrx_word' id='word_1_308' title='bbox 637 4443 763 4524; x_wconf 71' lang='grc' dir='ltr'><strong><em>φθοραὶ</em></strong></span> <span class='ocrx_word' id='word_1_309' title='bbox 786 4439 856 4513; x_wconf 77' lang='grc' dir='ltr'>πῶς</span> <span class='ocrx_word' id='word_1_310' title='bbox 889 4464 922 4501; x_wconf 75' lang='grc' dir='ltr'>τε</span> <span class='ocrx_word' id='word_1_311' title='bbox 946 4448 1092 4518; x_wconf 78' lang='grc' dir='ltr'><strong><em>γίνονται</em></strong></span> <span class='ocrx_word' id='word_1_312' title='bbox 1115 4443 1171 4498; x_wconf 77' lang='grc' dir='ltr'>καὶ</span> <span class='ocrx_word' id='word_1_313' title='bbox 1195 4427 1297 4496; x_wconf 85' lang='grc' dir='ltr'><strong><em>πόσαι</em></strong></span> 
     </span>
    </p>
   </div>
   <div class='ocr_carea' id='block_1_3' title="bbox 142 4536 1408 4632">
    <p class='ocr_par' dir='ltr' id='par_1_6' title="bbox 142 4536 1408 4632">
     <span class='ocr_line' id='line_1_39' title="bbox 142 4536 1408 4632; baseline -0.001 -30"><span class='ocrx_word' id='word_1_314' title='bbox 142 4549 195 4604; x_wconf 83' lang='grc' dir='ltr'>καὶ</span> <span class='ocrx_word' id='word_1_315' title='bbox 230 4545 383 4619; x_wconf 74' lang='grc' dir='ltr'><strong><em>ποσαχῶς</em></strong></span> <span class='ocrx_word' id='word_1_316' title='bbox 417 4541 561 4629; x_wconf 80' lang='grc' dir='ltr'><strong><em>φανερὸν</em></strong></span> <span class='ocrx_word' id='word_1_317' title='bbox 595 4542 631 4607; x_wconf 71' lang='grc' dir='ltr'>ἐκ</span> <span class='ocrx_word' id='word_1_318' title='bbox 666 4549 733 4609; x_wconf 75' lang='grc' dir='ltr'><strong><em>τοῖν</em></strong></span> <span class='ocrx_word' id='word_1_319' title='bbox 771 4553 1011 4632; x_wconf 80' lang='grc' dir='ltr'><strong><em>προειρημένων</em></strong></span> <span class='ocrx_word' id='word_1_320' title='bbox 1029 4563 1034 4573; x_wconf 95' lang='grc'><strong><em>·</em></strong></span> <span class='ocrx_word' id='word_1_321' title='bbox 1053 4547 1085 4605; x_wconf 87' lang='lat' dir='ltr'>et</span> <span class='ocrx_word' id='word_1_322' title='bbox 1119 4536 1298 4603; x_wconf 81' lang='lat' dir='ltr'>Clearchus</span> <span class='ocrx_word' id='word_1_323' title='bbox 1405 4605 1408 4612; x_wconf 66' lang='grc'><em>,</em></span> 
     </span>
    </p>
   </div>
   <div class='ocr_carea' id='block_1_4' title="bbox 0 0 1748 5584">
    <p class='ocr_par' dir='ltr' id='par_1_7' title="bbox 0 0 1748 5584">
     <span class='ocr_line' id='line_1_40' title="bbox 0 0 1748 5584; baseline 0 0"><span class='ocrx_word' id='word_1_324' title='bbox 0 0 1748 5584; x_wconf 95' lang='lat' dir='ltr'> </span> 
     </span>
    </p>
   </div>
  </div>
 </body>
</html>
