3488 5584
619 374 837 444 ...39-

135 573 224 641 bola
249 576 491 662 interpretandi
514 575 606 651 ratio,
632 597 736 661 quam
760 581 892 640 secutus
916 580 966 640 est
988 571 1165 661 Porphyrii
1188 579 1311 653 auctor,

135 683 291 749 minimo
308 683 451 769 quadrat
466 682 758 748 adAristotelicam
776 683 948 759 rationem,
966 703 1067 767 quam
1084 680 1311 768 cognovimus.

137 790 192 854 Re
225 813 308 856 vera
331 789 557 876 proienerunt
579 790 755 875 Porphyrii
780 791 936 872 σύμβολα,
970 795 1007 853 ut
1036 795 1151 874 postea
1180 788 1313 854 demon-

136 897 320 973 strabitur,
345 919 386 963 ex
405 896 615 982 Androcydis
632 896 843 982 Pythagorici
866 895 950 962 libro
974 909 1048 987 περὶ
1071 903 1314 986 Πυθαγορικῶν

137 1003 326 1090 συμβόλων
348 1004 543 1089 conscripto,

257 1237 351 1302 Haec
375 1243 453 1302 sunt
476 1257 562 1322 quae
586 1236 627 1301 de
650 1205 835 1301 Aristotelis
859 1237 1054 1321 fragmentis
1076 1236 1120 1302 ad
1144 1242 1315 1314 aeusmata

139 1345 376 1430 Pythagorica
399 1343 625 1429 spectantibus
649 1342 790 1408 (beanda
812 1343 927 1408 habeo.

167 1484 171 1494 ’
258 1468 441 1534 Acusmata
475 1475 570 1532 erant
602 1447 771 1533 Aristoteli
805 1468 918 1532 onmia
953 1467 1041 1533 dicta
1074 1475 1107 1533 et
1140 1474 1316 1554 praecepta

140 1575 383 1662 Pythagorica,
408 1596 495 1660 quae
518 1576 584 1661 ipsi
607 1575 816 1661 Pythagorae
838 1574 962 1640 tributa
990 1576 1145 1660 repperit,
1170 1597 1312 1660 quorum

141 1684 258 1747 rnaior
281 1704 358 1768 pars
387 1689 456 1746 erat
486 1697 564 1769 περί
582 1711 618 1750 τε
645 1687 766 1762 θυσίας
792 1687 873 1750 καθ’
901 1683 1055 1761 ἑκάστους
1082 1681 1158 1761 σούς
1186 1684 1315 1772 καιρούς

141 1797 222 1870 πῶς
247 1791 306 1879 χρη
324 1798 504 1868 ποιεῖσθαι,
534 1792 593 1868 τοῖς
617 1818 650 1857 τε
678 1785 782 1869 ἄλλας
811 1789 916 1874 (θεαῖν
944 1789 1130 1878 θρησκείας)
1157 1802 1211 1863 καὶ
1240 1803 1316 1881 περὶ

39 1927 42 1934 ’
140 1899 362 1984 μετοικήσεως
385 1906 441 1983 τῆς
464 1897 624 1964 ἐντεῦθεν
647 1909 702 1964 καὶ
727 1909 800 1986 περὶ
823 1895 882 1977 τοὶς
910 1899 1025 1984 ταφάς,
1050 1903 1121 1976 πῶς
1146 1900 1196 1964 δεῖ
1217 1925 1315 1968 κασα-

142 2008 361 2089 θοὶπτεσθαι,
380 2004 490 2067 minor
506 2003 696 2068 continebat
712 2003 875 2068 eiusmodi
891 2002 988 2082 dicta,
1009 2025 1095 2088 quae
1111 2004 1315 2090 Porphyrius

141 2118 249 2178 vocat
280 2115 479 2197 συμβολικῶς
509 2117 680 2198 εἰρημένα·
710 2111 872 2175 nonnulla
904 2131 983 2176 vero
1016 2117 1111 2176 erant
1140 2117 1316 2196 praecepta

143 2240 241 2283 mere
273 2217 388 2284 ethica.
437 2218 625 2306 Acusmatis
654 2217 793 2282 subiecit
816 2217 1017 2302 icotologiaa
1048 2239 1132 2303 quas
1160 2219 1314 2304 repperit,

143 2348 296 2411 quarum
325 2325 391 2389 duo
420 2324 572 2389 distinxit
601 2346 732 2410 genera,
757 2325 899 2390 alterum
926 2346 967 2389 ex
993 2346 1074 2390 vera
1099 2325 1317 2391 vetustissimi

144 2432 418 2518 Pythagoreismi
446 2431 562 2496 notitia
590 2431 765 2506 haustum,
790 2432 932 2496 alterum
963 2432 1095 2516 longius
1122 2433 1316 2498 arcessitum

148 2548 183 2606 et
216 2540 393 2606 inventurn
423 2561 492 2603 non
523 2537 565 2603 ab
594 2539 675 2624 ipsis
706 2538 944 2624 Pythagoreis
975 2538 1034 2604 sed
1072 2540 1114 2604 ab
1152 2540 1317 2628 extraneis

149 2645 360 2732 quibusdam
384 2647 661 2732 ἔπισοηνιζομένοις
684 2645 889 2734 προσάπτειν
915 2648 1028 2713 εἰκότα
1053 2646 1156 2730 λόγον.

262 2789 315 2854 Ex
339 2811 373 2854 se
397 2789 469 2874 ipso
493 2788 602 2852 nullas
625 2787 754 2852 addidit
777 2788 1024 2873 explicationes,
1054 2789 1112 2854 sed
1144 2811 1200 2854 eas
1231 2790 1316 2855 solas

150 2897 291 2974 rettulit,
316 2917 400 2981 quas
424 2902 629 2981 reppererat;
656 2895 747 2980 quod
770 2896 848 2960 lecit
881 2897 1019 2960 fortasse
1054 2903 1086 2961 et
1120 2897 1211 2983 quod
1245 2898 1316 2983 ipse

149 3027 272 3070 verum
296 3009 507 3068 acusmatum
543 3003 751 3087 singulorum
784 3025 920 3067 sensum
954 3025 1023 3068 non
1046 2993 1114 3068 iam
1137 3004 1314 3089 perspexit

151 3119 185 3176 et
224 3109 318 3196 quod
352 3109 436 3174 libro
475 3123 549 3200 περὶ
584 3115 652 3178 ταῖν
685 3118 922 3196 Πυθαγορείων
953 3111 1141 3195 conscripto
1165 3111 1212 3175 nil
1251 3111 1316 3175 nisi

153 3219 384 3284 collectionem
408 3200 617 3282 aeusmatum
640 3217 812 3281 instituere
835 3217 871 3281 in
895 3217 1007 3282 animo
1028 3217 1158 3295 habuit;
1184 3217 1316 3284 videtur

152 3335 270 3392 autern
300 3325 494 3389 Aristoteles
526 3323 574 3388 ad
607 3323 695 3388 dicta
727 3323 949 3410 Pythagorica
982 3325 1087 3389 solam
1125 3323 1315 3390 adhibuisse

150 3453 269 3499 vocem
294 3427 453 3517 ἄκουσμα.
564 3515 566 3523 J

259 3575 312 3639 Ex
349 3580 547 3658 argumento
577 3579 788 3638 aeusmatum
812 3579 844 3638 et
867 3573 1036 3638 doctrinae
1068 3574 1104 3639 in
1134 3574 1181 3638 eis
1204 3594 1314 3638 recon-

147 3683 240 3766 ditae
264 3681 375 3746 indole
400 3681 561 3744 conclusit
584 3719 625 3726 -
650 3680 684 3744 id
700 3681 790 3765 quod
807 3680 941 3745 aliunde
959 3702 1093 3766 quoque
1110 3680 1257 3745 constitit
1272 3719 1315 3728 -

152 3789 379 3875 Pythagoram
390 3810 458 3852 non
471 3786 797 3872 primisGraecorum
805 3787 1010 3873 philosophis
1022 3787 1314 3852 adnumerandum

78 3931 83 3942 ·
152 3919 233 3973 esse,
259 3893 318 3960 sed
341 3893 474 3959 vatibus
497 3893 562 3958 illis
590 3900 622 3958 et
655 3894 735 3959 viris
770 3894 885 3972 doctis
921 3895 1036 3980 quales
1060 3899 1155 3958 erant
1177 3893 1243 3959 VII
1267 3916 1313 3958 sa·

153 4003 294 4088 pientes.
351 4000 405 4065 Ad
445 4001 553 4066 solum
597 4000 742 4087 denique
781 4001 993 4066 Aristotelem
1031 4000 1204 4066 referenda
1243 4023 1313 4066 esse

150 4109 283 4176 uidetur
307 4107 495 4173 distributio
519 4114 729 4172 aeusmatum
753 4107 939 4173 secundum
956 4115 1021 4172 tres
1044 4107 1313 4193 interrogationis

152 4217 288 4302 species
315 4215 438 4301 quibus
468 4214 703 4300 respondentia
726 4215 804 4279 fecit
839 4215 970 4299 singula
1003 4222 1190 4291 aeusmata;
1227 4235 1313 4298 quae

152 4322 344 4388 distributio
368 4343 471 4407 quam
487 4327 645 4386 extranea
661 4321 703 4386 sit
725 4321 894 4387 neminem
913 4321 1027 4406 lugiet,
1043 4320 1247 4406 probabihor
1263 4327 1312 4385 est

152 4432 255 4496 altera
279 4429 465 4495 secundum
479 4436 716 4513 argumentum
732 4436 952 4508 aeusmatum,
977 4450 1063 4514 quae
1079 4429 1247 4513 pertinent
1269 4426 1313 4492 ad

153 4545 279 4623 θυσίας,
312 4529 371 4616 'aa
394 4535 497 4615 ἄλλας
522 4535 613 4602 θεῶν
643 4543 827 4628 θρησκείας,
850 4537 910 4621 τήν
934 4536 1091 4605 ἐντεῦθεν
1118 4547 1310 4624 μετοίκησιν,
