3488 5584
612 461 832 526 ...23-

137 659 286 725 cundem
308 658 538 726 lamblichum
574 680 615 724 ex
650 658 767 724 eodem
802 657 1006 723 Nicomacho
1039 656 1238 742 deprompta
1271 677 1301 722 v.

137 767 173 830 P.
204 767 266 833 140
288 767 399 836 verbis
422 767 492 830 his:
518 767 578 852 τήν
602 769 637 834 δὲ
661 767 859 833 uisceratio
881 766 959 853 παρ’
977 767 1086 844 aaron
1103 765 1304 856 όπολήψεωυ

136 877 225 942 εἶναι
245 877 377 962 ταύτην,
404 871 454 942 ότι
469 867 510 960 ἧν
526 870 545 941 ό
560 878 685 962 πρῶτος
702 875 805 940 εἰπών
822 871 932 952 αότός,
959 872 1018 953 οὐχ
1042 874 1192 958 dccxciv,
1217 873 1304 938 allo?

136 983 229 1061 θεός,
255 993 312 1048 καὶ
336 985 372 1049 ἓν
395 988 487 1049 τοῦτο
516 988 583 1048 ταῖν
612 983 826 1067 ἀκουσμάτων
856 979 930 1058 ἔστί,
961 991 1008 1054 τίς
1034 976 1053 1066 ἢ
1075 981 1304 1067 Πυθαγόρας;

135 1097 218 1174 φασὶ
249 1087 311 1178 γαρ
335 1091 421 1156 εἶναι
451 1088 596 1154 Ἀπόλλω
628 1085 854 1178 Ὑπερβόρειον
877 1089 954 1166 xri,
976 1087 1009 1151 h.
1035 1109 1061 1151 c.
1099 1107 1185 1171 quae
1220 1085 1305 1150 dixit

119 1195 355 1280 'Pythagoras
381 1217 449 1260 non
467 1216 487 1258 a
505 1195 625 1279 quovis
641 1194 777 1260 homine
801 1194 889 1260 diota
912 1215 982 1259 csse
1006 1193 1220 1280 putabantur,
1246 1193 1304 1258 sed

134 1323 155 1366 a
180 1301 253 1380 deo,
279 1339 319 1349 -
348 1303 420 1388 ipse
454 1302 544 1367 enim
567 1302 774 1387 Pythagoras
799 1301 881 1366 deus
906 1309 976 1366 erat
999 1307 1057 1366 etc.
1116 1301 1205 1386 Ergo
1239 1301 1303 1365 hoc

135 1429 273 1494 quoque
308 1408 379 1474 loco
403 1408 486 1474 adeo
510 1409 656 1474 eminere
681 1408 802 1474 dicitur
823 1409 1031 1495 Pythagoras
1061 1414 1191 1493 praeter
1223 1414 1303 1472 cete-

133 1536 200 1593 ros,
225 1522 263 1580 ut
279 1516 433 1600 quamvis
457 1516 500 1580 sit
521 1516 622 1589 homo
639 1515 855 1600 humanaque
879 1521 1013 1594 statura,
1038 1521 1151 1579 tamen
1174 1535 1303 1580 revera

134 1622 239 1687 deum
267 1644 345 1687 eum
369 1644 440 1688 csse
462 1623 642 1708 putaveris
668 1623 727 1708 qui
747 1623 934 1687 humanam
949 1629 1105 1686 naturam
1121 1623 1303 1707 coniungat

133 1751 214 1794 cum
249 1728 373 1796 divina.
421 1730 532 1806 Quare
564 1729 749 1794 Aristotelis
780 1729 898 1795 ierba:
923 1738 980 1798 τοῦ
1008 1730 1135 1813 λογικοῦ
1159 1729 1242 1818 ζῴου
1265 1731 1301 1796 τό

131 1836 287 1922 petridem
310 1839 398 1916 θεός,
422 1836 459 1903 τό
484 1840 521 1904 δὲ
545 1833 733 1926 ἄνθρωπος,
758 1839 794 1904 τό
820 1840 856 1905 δὲ
880 1838 947 1904 οἷον
980 1839 1186 1927 Πυθαγόρας
1215 1838 1303 1902 inter

132 1950 308 2008 aousmata
341 1943 551 2008 numeranda
586 1950 665 2008 sunt
699 1949 731 2008 et
763 1944 967 2029 respondent
1000 1943 1187 2029 quaestioni
1212 1942 1304 2030 τίςό

133 2050 356 2139 Πυθαγόρας;
385 2051 450 2116 Sed
473 2051 579 2136 ipsius
602 2051 704 2116 huius
728 2051 932 2136 quaestionis
955 2050 1058 2117 verba
1085 2051 1177 2116 haud
1201 2051 1301 2118 dubie

132 2165 299 2243 corrupta·
316 2165 403 2237 sunt,
428 2180 508 2222 nam
533 2158 614 2243 quid
638 2158 701 2223 sibi
724 2158 829 2225 velint
844 2158 947 2224 verba
962 2171 1011 2239 τίς
1033 2158 1053 2244 ἢ
1078 2158 1300 2248 Πυθαγόραςς

132 2287 204 2329 non
239 2286 407 2350 assequor.
466 2264 579 2330 Codex
611 2265 758 2351 optimus
782 2265 995 2330 Florentinus
1030 2265 1166 2350 praebet
1199 2279 1247 2347 τίς
1281 2267 1302 2355 ἢ

132 2374 357 2462 Πυθαγόρας;
397 2372 524 2437 Arccrii
548 2372 649 2437 editio
671 2366 765 2472 τίςρῖ
788 2380 829 2439 Π.
879 2372 1025 2458 Scaliger
1047 2373 1188 2438 coniecit
1210 2375 1302 2463 αςῆ

133 2475 153 2546 ό
177 2488 236 2557 Π.;
263 2477 400 2543 Kustcri
428 2479 528 2544 editio
552 2491 600 2558 τίς
626 2483 644 2544 o‘
667 2479 882 2571 Πυθαγόρας,
920 2501 1023 2564 quam
1046 2479 1222 2545 lectionem
1255 2504 1300 2546 se-

133 2586 253 2670 quitur
283 2586 323 2650 V.
350 2586 471 2665 Rose;=
491 2586 609 2651 Nauck
642 2587 856 2652 scribendum
891 2608 961 2652 esse
987 2593 1082 2672 putat
1104 2600 1152 2668 τίς
1175 2581 1216 2672 ἦν
1239 2598 1299 2668 Π.;

132 2715 222 2778 quac
262 2693 453 2758 coniectura
492 2695 648 2778 quamvis
682 2693 867 2759 litterarum
901 2695 1010 2759 forma
1035 2694 1298 2775 commendetur,

131 2807 249 2865 tamen
280 2799 447 2865 reicienda
474 2801 560 2865 mihi
595 2822 666 2866 esse
701 2801 842 2880 videtur,
879 2801 970 2887 quod
1004 2801 1083 2866 huic
1118 2803 1300 2888 scripturae
1419 2790 1422 2796 ¹

132 2907 336 2993 respondere
371 2914 537 2992 oporteret
570 2909 605 2972 in
641 2908 859 2994 sequentibus
893 2908 1005 2976 verbis
1040 2930 1109 2974 non
1132 2922 1213 2998 pocot
1236 2912 1300 3002 γαρ

132 3017 252 3082 εἶναι
275 3016 424 3082 Ἀπόλλω
460 3019 537 3094 κτλ,
573 3015 632 3080 sed
655 3029 735 3104 paul
769 3019 833 3106 γαρ
866 3025 1025 3100 γενέσθαι
1058 3016 1206 3085 Ἀπόλλω
1232 3023 1297 3086 nrt.

133 3122 274 3186 Kusteri
292 3122 449 3186 correctio
466 3135 513 3202 τίς
529 3120 547 3189 ό
574 3122 777 3212 Πυθαγόρας
795 3123 922 3188 bonum
937 3123 1030 3188 haud
1046 3122 1146 3188 dubie
1163 3124 1300 3209 praebet

132 3251 281 3302 sensum,
300 3229 358 3294 sed
374 3235 460 3294 recte
476 3236 592 3294 monet
603 3229 640 3294 E.
666 3230 816 3316 Rohdc¹l
840 3230 1034 3316 perdifficile
1058 3253 1129 3297 esse
1153 3233 1299 3317 cogitatu

131 3339 216 3402 exo‘
247 3336 329 3402 vitio
361 3336 480 3400 calami
515 3337 586 3401 fieri
609 3333 639 3424 ἦ,
675 3337 709 3401 id
745 3337 836 3422 quod
859 3338 1049 3403 Nauokium
1083 3338 1174 3403 haud
1198 3339 1298 3405 dubie

132 3443 315 3529 prohibuit,
352 3444 533 3529 quominus
558 3445 695 3509 Kustcri
730 3445 930 3530 scripturam
965 3446 1132 3532 reciperet,
1187 3447 1298 3524 Quare

131 3556 207 3635 post
231 3547 252 3638 ἤ
274 3549 492 3615 inserendum
522 3572 593 3617 esse
619 3551 750 3617 videtur
784 3574 970 3638 pronomen
1004 3553 1150 3638 aliquod,
1176 3575 1297 3639 ,neque

130 3679 210 3724 vero
234 3656 327 3742 quod
343 3656 489 3742 Scaliger
512 3659 668 3743 proponit
691 3673 739 3739 τίς
761 3657 783 3747 ἢ
805 3655 825 3723 ό
850 3667 899 3738 ll,
926 3681 1005 3723 nam
1029 3660 1110 3724 haec
1134 3661 1298 3747 scriptura

131 3764 214 3850 quid
246 3763 410 3849 significet
442 3786 510 3828 non
534 3764 641 3844 video,
678 3765 736 3830 sed
760 3766 851 3851 quod
874 3765 992 3831 Rohdc
1016 3767 1173 3852 proponit
1196 3787 1295 3849 ποῖος,

130 3872 182 3937 vel
214 3871 279 3936 tale
309 3871 401 3956 quid,
437 3878 475 3936 ut
507 3872 590 3938 haec
625 3873 763 3938 fortasse
798 3873 899 3938 tuerit
933 3875 1113 3938 acusmatis
1148 3876 1296 3960 genuina

133 3980 257 4045 lenna:
283 3990 330 4053 τίς
353 3978 374 4066 ἢ
397 3976 509 4064 (ποῖος)
535 3981 753 4070 Πυθαγόρας;
779 3983 860 4061 θεός
883 4009 917 4048 τε
941 3993 996 4048 καὶ
1019 3977 1206 4070 ἅνθρωπος.

242 4086 337 4162 Quae
348 4085 529 4151 lamblichi
541 4086 643 4152 verba
655 4088 692 4151 Ε.
711 4087 838 4165 Rohde,
856 4088 940 4152 Mus
958 4089 1022 4152 Rh.
1040 4088 1229 4167 xxviiia
1246 4113 1295 4175 sq.

130 4215 198 4258 una
232 4215 310 4257 cum
345 4193 619 4258 antecedentibus
650 4194 728 4259 inde
753 4216 772 4258 a
795 4195 817 4280 ξ
843 4196 903 4258 137
928 4196 1103 4280 provenire
1136 4203 1232 4282 putat
1255 4219 1295 4261 ex

129 4300 322 4366 Aristoxeni
338 4298 422 4364 libro
439 4307 484 4364 Πι

237 4549 257 4616 1)
279 4550 325 4616 qui
344 4549 535 4618 benignissime
554 4553 669 4605 hanuet
688 4550 756 4604 alias
775 4549 941 4605 coniecturas
960 4567 1063 4605 mecum
1078 4552 1293 4621 communicavit,

129 4657 214 4708 neque
234 4655 362 4708 umquam
381 4639 489 4707 roganti
509 4639 605 4696 deluit.
