3488 5584
594 483 815 549 ..19-

117 689 202 772 πυρῐ
230 692 286 749 καῖ
317 677 436 772 σιδήρῳ
469 693 525 748 καὶ
556 699 721 767 μηχαναῖς
749 695 923 760 παντοίαις
954 679 1022 748 τίπὸ
1055 686 1119 768 μὲν
1142 676 1292 761 σώματος

117 789 238 866 νόσον,
282 789 351 855 ἀπὸ
399 789 435 855 δὲ
470 795 579 880 ψυχῆς
614 787 790 875 α’μαθίαν,
831 790 957 868 κοιλίας
991 790 1028 855 δὲ
1067 789 1291 863 πολυτέλειαν,

117 896 248 975 πόλεως
283 897 319 961 δὲ
354 896 476 973 στάσιν,
514 897 604 962 οἴκου
640 897 677 962 δὲ
705 893 951 983 ὀιχοφροσῦνην,
981 891 1062 980 ipos
1085 897 1122 962 δὲ
1155 891 1292 962 πάντων

118 1002 293 1089 α’μετρίαν,
332 999 423 1086 quod
445 1000 655 1066 Jambliohus
686 1024 717 1066 v.
743 1002 779 1067 P.
804 1001 847 1066 34
877 1001 1045 1066 nominat:
1080 1002 1221 1086 ἐπιτομή
1244 1028 1293 1079 τις

117 1105 262 1200 οἳσπερεῐ
292 1119 348 1175 καὶ
372 1110 656 1191 α’ναιιεφαλαίωσις
687 1117 754 1176 τοῖν
785 1111 874 1199 αὐτῷ
906 1110 1094 1177 δοκούντων.
1152 1106 1292 1171 Nullum

116 1215 260 1280 veroin
288 1215 346 1280 tali
380 1214 531 1280 doctrina
558 1213 728 1279 habebant
759 1214 871 1280 locum
902 1218 1084 1290 acu'smata,
1113 1233 1199 1299 quae
1234 1218 1292 1277 aut

117 1321 221 1407 plane
257 1327 352 1388 erant
385 1321 589 1388 removenda
618 1341 659 1386 ex
688 1321 910 1408 Pythagorica
946 1321 1105 1400 doctrina,
1138 1319 1173 1384 id
1201 1319 1289 1405 quod

116 1428 293 1494 Philolaus
313 1435 345 1494 et
360 1427 552 1494 Aristoxeni
568 1433 718 1493 auctores
736 1427 853 1494 iecisse
870 1427 1072 1515 videntur‚*)
1095 1433 1153 1492 aut
1175 1427 1292 1491 saltem

116 1535 364 1622 interpretandi
400 1535 547 1601 artificiis
582 1536 628 1600 ita
664 1535 871 1620 explicanda,
895 1541 933 1600 ut
967 1556 1046 1601 cum
1080 1533 1292 1620 philosophia

116 1642 345 1728 Pythagorica
380 1642 549 1708 conciliari
583 1648 728 1727 possent.
783 1641 894 1728 Atque
923 1663 958 1706 re
981 1663 1061 1707 vera
1089 1642 1177 1706 hane
1200 1641 1291 1706 viam

115 1750 290 1834 ingressos
314 1771 385 1815 esse
408 1755 547 1828 veteres,
571 1771 641 1813 non
664 1748 740 1832 dico
763 1749 990 1835 Pythagoreos
1009 1785 1051 1796 -
1071 1769 1152 1814 nam
1175 1747 1216 1812 de
1239 1747 1292 1812 his

118 1861 194 1921 tam
218 1877 327 1942 pauca
350 1861 514 1935 constant,
539 1862 577 1921 ut
600 1862 729 1922 certum
763 1856 947 1942 quicquam
973 1856 1032 1921 vix
1064 1855 1165 1920 statui
1188 1853 1293 1939 possit

119 2003 161 2010 -
190 1963 248 2028 sed
271 1963 360 2030 Viros
385 1964 508 2042 doctos
532 2001 575 2010 ——
614 1962 742 2042 ἔξωθεν
776 1965 1064 2051 ἐπισιτιζομένους
1090 1959 1291 2051 προσάπτειν

117 2072 233 2139 εἰκότα
258 2069 354 2155 λόγον
377 2069 498 2136 Jambl.
524 2092 555 2137 v.
581 2070 616 2133 P.
643 2071 685 2135 86
703 2108 743 2117 -
761 2069 820 2156 qui
844 2069 885 2135 de
908 2069 1118 2155 Pythagorae
1142 2067 1292 2134 doctrina

118 2183 152 2242 et
190 2178 372 2243 acusmatis
407 2177 509 2242 libros
545 2177 776 2255 condiderunt,
811 2176 891 2242 inde
920 2177 1071 2256 efficitur,
1102 2175 1193 2262 quod
1231 2196 1291 2260 pro

119 2284 273 2370 genuino
297 2290 508 2350 aeusmatum
532 2284 669 2350 nomine
692 2284 912 2351 inveniuntur
935 2283 1009 2364 alia,
1033 2305 1149 2350 veram
1176 2303 1292 2347 eorum

120 2397 284 2456 naturam
307 2391 531 2470 obscurantis,
556 2397 593 2455 ut
623 2393 782 2478 σύμβολα,
807 2395 1002 2475 αἰνίγματα,
1031 2394 1291 2478 παραγγέλματα

119 2505 199 2579 etc.;
225 2497 347 2563 deinde
371 2497 462 2584 quod
486 2497 529 2563 ad
552 2518 614 2563 nos
644 2503 871 2583 pervenerunt
893 2496 1122 2583 symbolorum
1152 2495 1291 2581 explica-

118 2606 240 2684 tiones,
265 2605 476 2690 allegoricam
499 2605 587 2670 hanc
610 2604 852 2691 interpretandi
875 2605 1039 2670 rationem
1064 2609 1249 2688 sequentes.

230 2711 307 2777 Duo
330 2712 433 2797 igitur
456 2711 547 2798 apud
570 2717 698 2777 veteres
728 2711 948 2778 inveniuntur
975 2717 1007 2776 et
1033 2709 1289 2796 distinguendae

119 2826 202 2885 sunt
237 2818 326 2884 diota
360 2816 582 2906 Pythagorica
617 2818 858 2905 interpretandi
894 2819 1050 2897 rationes,
1085 2817 1188 2882 altera
1222 2838 1290 2902 qua

119 2932 209 2991 recte
234 2932 406 2991 acusmata
436 2926 646 3012 explicantur
673 2948 714 2990 ex
742 2947 822 2992 vera
851 2925 1097 2992 vetustissimae
1125 2923 1290 2989 societatis

119 3033 365 3119 Pythagoricae
395 3033 504 3098 forma
533 3040 565 3098 et
591 3032 713 3113 indole,
742 3033 846 3098 altera
873 3054 941 3118 qua
974 3039 1064 3097 recta
1092 3031 1148 3099 via
1177 3031 1291 3096 relicta

120 3161 182 3226 per
205 3138 366 3224 ambages
383 3145 415 3205 et
429 3139 671 3226 interpretandi
688 3140 827 3207 artificia
843 3161 960 3206 sensus
977 3161 1018 3204 ex
1035 3139 1081 3204 eis
1098 3138 1291 3205 enucleatur

120 3269 142 3311 a
164 3267 245 3315 vcro
269 3253 481 3313 acusmatum
503 3253 702 3333 argumento
726 3247 959 3313 alienissimus

551 3554 865 3566 Q

673 3788 739 3866 III.

177 3985 230 4052 lle
254 3983 411 4066 antiquis
434 3940 654 4051 acusmatuni
677 3981 944 4073 (symbolorum)
967 3985 1247 4062 collectionibus.

130 4145 134 4154 ⁵
232 4161 363 4228 Servati
386 4166 465 4227 sunt
487 4161 578 4246 apud
601 4162 712 4230 varios
735 4168 885 4229 auctores
909 4163 996 4228 tituli
1019 4164 1172 4230 nonnulli
1196 4163 1290 4229 libro-

127 4291 203 4334 rum
220 4269 262 4334 de
286 4267 446 4354 symbolis
470 4270 751 4373 conscriptorum
776 4270 900 4355 quibus
923 4291 965 4336 ex
988 4270 1080 4336 libris
1103 4293 1162 4357 per
1185 4292 1220 4336 se
1243 4278 1294 4336 est

125 4373 409 4478 verisimillimum
445 4376 582 4442 fluxisse
620 4377 766 4463 plurima
803 4383 976 4444 aeusmata
1020 4377 1117 4443 nobis
1160 4377 1290 4446 tradita.

235 4678 262 4751 ‘)
282 4678 427 4748 [Similiter
444 4677 549 4747 Boius,
567 4677 672 4748 Psyche
689 4683 769 4748 pales
787 4678 854 4756 not]
