3488 5584
948 451 1165 519 ...60..

580 649 673 716 Haec
708 657 787 714 sunt
822 648 973 734 symbola
1007 648 1050 714 ad
1080 647 1291 735 Androcydis
1323 661 1397 739 περὶ
1420 657 1511 718 Hal.
1540 654 1620 734 συμβ.

474 756 596 821 librum
622 757 810 834 redeuntia3
828 757 981 821 'dubitari
1005 763 1114 842 potest
1136 779 1179 820 m.
1198 778 1253 842 qu.
1272 779 1301 821 o.
1320 756 1361 821 de
1386 756 1455 822 solo
1472 755 1622 820 Demetrio

475 865 669 948 Byaarrtiuo,
687 865 782 929 cuius
799 863 839 929 de
856 863 1015 949 symbolis
1032 864 1259 948 fragmentum
1275 864 1422 930 servavit
1437 863 1622 928 Athenaeus.
1697 877 1698 896 l

475 969 540 1034 Sed
565 993 642 1036 cum
666 971 706 1036 de
731 971 892 1036 Demetrii
916 975 1032 1048 aetate,
1049 969 1087 1057 a)
1119 991 1205 1055 quae
1230 993 1269 1035 ea
1292 992 1327 1036 rc
1358 970 1524 1048 definitur,
1548 968 1624 1054 quod

475 1077 525 1140 bis
541 1078 697 1142 laudatur
720 1099 740 1142 a
756 1077 962 1152 Philodamo,
980 1083 1107 1142 certum
1132 1077 1314 1163 quicquam
1331 1077 1417 1142 effici
1442 1099 1509 1141 non
1525 1077 1623 1161 possit,

474 1206 580 1269 aeque
604 1207 642 1250 ac
666 1185 706 1250 dc
724 1185 775 1248 Ps.
795 1183 1004 1269 Androcydis
1028 1191 1145 1262 aetate,
1170 1205 1229 1270 per
1252 1205 1286 1249 se
1310 1183 1396 1249 nihil
1418 1183 1536 1262 obstat,
1555 1184 1623 1268 quin

473 1294 682 1361 Demetrium
717 1313 852 1377 quoque
887 1313 927 1355 ex
960 1291 1012 1355 Ps.
1042 1290 1242 1375 Androcyde
1277 1291 1429 1356 hausisse
1463 1297 1624 1375 putemus3

474 1403 531 1468 scd
556 1421 691 1486 quoquo
715 1398 815 1464 modo
839 1399 921 1463 haec
944 1420 996 1462 res
1029 1420 1063 1462 se
1098 1398 1207 1477 habet,
1239 1398 1330 1462 haud
1364 1397 1465 1463 dubie
1500 1397 1626 1462 eandem

475 1501 625 1593 sequitur
638 1505 827 1571 Demetrius
844 1504 995 1590 symbola
1007 1503 1196 1590 explicandi
1212 1505 1376 1569 rationem
1393 1526 1495 1589 quam
1507 1504 1559 1568 Ps.
1571 1503 1626 1567 An-

474 1613 643 1700 drocydes.
691 1613 741 1677 De
764 1613 901 1690 ratione,
934 1633 1002 1697 qua
1027 1612 1077 1676 Ps.
1103 1611 1320 1697 Androcydes
1351 1610 1503 1696 symbola
1525 1617 1626 1675 tracta·

474 1722 568 1798 verit,
609 1741 716 1805 pauca
754 1719 909 1784 addenda
947 1726 1033 1784 sunt.
1103 1718 1321 1804 Androcydes
1361 1716 1522 1802 symbola,
1560 1739 1625 1782 curu

474 1828 680 1894 subtiliorem
702 1826 748 1891 ais
773 1825 908 1891 subesse
924 1833 1057 1912 putaret
1079 1825 1275 1903 doctrinam,
1293 1825 1471 1911 praecipue
1487 1825 1626 1897 ethicam,

474 1942 512 2000 ut
536 1935 725 2019 aenigmata
756 1933 954 2018 explicanda
989 1955 1060 1998 esse
1092 1934 1230 1997 censuit.
1279 1932 1424 1997 Sensum
1458 1932 1559 2017 igitur
1588 1931 1627 1994 in-

474 2043 610 2126 dagavit
633 2062 748 2105 eorum
772 2062 839 2105 nou
864 2041 977 2105 minus
1000 2062 1020 2105 a
1045 2062 1123 2105 vera
1156 2039 1366 2124 singularum
1396 2060 1519 2104 vocum
1542 2037 1627 2122 sigui-

476 2150 626 2214 ticatione
665 2170 767 2233 quam
803 2170 822 2212 a
858 2148 992 2232 propria
1031 2146 1261 2232 symbolorum
1299 2153 1420 2211 natura
1460 2152 1492 2211 et
1528 2145 1628 2210 indole

473 2239 730 2332 alienissimum3
772 2277 887 2319 eorum
925 2255 1027 2340 igitur
1065 2277 1105 2318 ex
1145 2275 1284 2318 numero
1324 2260 1382 2332 est,
1422 2275 1506 2338 quos
1544 2257 1629 2317 vocat
1700 2265 1701 2268 ’

474 2363 665 2428 Aristotcles
699 2364 828 2442 ἔξωθεν
859 2363 1143 2446 ἕπισοφιζομένους
1176 2363 1378 2450 προσάπτειν
1401 2358 1511 2427 εἰκότα
1534 2361 1627 2442 λόγον.

473 2469 643 2535 'Praetavit
666 2474 843 2546 autemut
865 2469 1007 2547 videtur,
1026 2467 1243 2553 Androcydes
1259 2489 1298 2532 ea
1322 2473 1455 2531 tautum
1479 2465 1628 2551 symbola,

473 2598 559 2662 quae
577 2576 770 2640 Aristoteles
794 2576 889 2640 tertio
913 2582 1123 2639 acusmatum
1147 2595 1267 2659 genere
1291 2573 1554 2659 comprehendit,
1570 2573 1588 2636 i.
1605 2594 1625 2635 6.

429 2717 433 2726 ·
473 2707 511 2749 oa
535 2705 621 2768 quae
645 2683 796 2748 indicant
818 2696 853 2749 τί
873 2685 924 2749 δεῖ
946 2684 1103 2766 πράττειν
1126 2682 1147 2768 ἢ
1170 2679 1214 2767 μή
1239 2679 1404 2772 πράττειν.

898 3025 1212 3032 ———-——————

1013 3309 1090 3386 VII.

531 3475 581 3540 Dc
604 3473 790 3538 Plutarchi
814 3473 851 3537 et
874 3470 1065 3537 Clementis
1090 3471 1330 3550 symbolorum
1354 3470 1578 3536 tractatione.

581 3633 698 3717 Neque
722 3630 764 3695 ab
788 3628 1040 3694 Anaximandro
1064 3651 1173 3713 neque
1198 3629 1240 3693 ab
1263 3627 1438 3692 Aristotele
1463 3650 1571 3714 neque
1593 3626 1629 3690 ab

473 3739 684 3824 Androcyda
721 3759 866 3822 quorum
890 3737 930 3801 dc
955 3736 1114 3822 symbolis
1145 3735 1387 3821 disputationes
1411 3737 1630 3810 tractavimus,

472 3846 619 3933 pendent
650 3867 697 3921 ea,
731 3867 817 3929 quae
840 3844 1039 3908 Plutarchus
1063 3844 1098 3907 in
1129 3841 1380 3928 quaestionibus
1410 3842 1629 3927 Symposiacis

471 3954 530 4019 ubi
544 3954 676 4038 srtcpius
689 3951 822 4036 singula
832 3951 1040 4036 Pythagorae
1054 3949 1205 4035 symbola
1217 3949 1360 4034 attingit,
1372 3949 1497 4034 profert
1506 3949 1593 4027 VIII,
1604 3947 1628 4024 t,

473 4085 504 4146 p.
531 4061 705 4126 eet-888
731 4058 780 4123 ed.
807 4058 955 4123 Diibner.

579 4379 611 4447 ²⁶)
628 4381 671 4434 Dc
699 4378 836 4434 Demetrio
862 4378 896 4431 of.
924 4378 1034 4446 Miiller,
1059 4377 1163 4434 ruer.
1189 4376 1229 4444 ΙΙ,
1249 4380 1299 4428 624
1326 4381 1396 4438 uot.;
1426 4375 1569 4441 Susamihl‚
1588 4375 1629 4427 Gr.

471 4470 728 4537 Litteraturgcscht.
743 4470 768 4524 d.
781 4467 1038 4522 Alexandriuerzeit
1056 4469 1076 4534 Ι,
1096 4484 1118 4524 e.
1138 4472 1153 4518 2
1174 4483 1198 4533 p.
1221 4470 1269 4519 154
1289 4473 1345 4522 not.
1365 4469 1425 4521 814.
1459 4464 1537 4534 Quod
1551 4464 1630 4518 Blorn·

471 4561 534 4614 field
559 4559 661 4626 profert
683 4588 712 4597 -
735 4558 768 4614 cf.
789 4558 869 4610 Walz
897 4558 931 4609 ad
951 4556 1051 4622 Tryph.
1072 4556 1088 4612 l.
1109 4557 1127 4612 l.
1148 4586 1178 4594 -
1200 4556 1232 4608 dc
1251 4554 1391 4609 Demetrio
1412 4553 1536 4607 Clearchi
1555 4554 1630 4617 fonte,

472 4651 551 4717 plane
569 4663 722 4716 perversum
743 4654 793 4716 est,
813 4654 844 4701 ut
863 4662 895 4700 ex
915 4645 1080 4699 accuratiore
1100 4645 1235 4700 Athenaei
1256 4643 1481 4711 contemplatione
1501 4644 1593 4698 elucet.
