3488 5584
644 427 862 494 ..11-

89 613 91 620 ⁴
164 645 242 698 πεῖν
273 634 382 717 ἕτερον
413 629 494 696 ἄνθ’
527 631 646 696 ἑαυτοῦ
676 634 769 696 θεοῖν
801 626 1019 716 θεραπευτῆν.
1057 641 1122 705 τοῖς
1153 627 1190 695 δὲ
1231 627 1335 706 οὐδεὶς

164 738 261 820 λόγος
283 737 446 826 πρόσεστι.
478 746 536 812 καὶ,
559 735 632 804 ἔνια
648 743 710 822 μὲν
733 743 800 802 τοῖν
824 736 1061 820 ἐπιλεγομένων
1085 735 1175 813 δόξει
1198 755 1335 823 προσπε-

165 855 305 926 φυκέναι
328 842 415 932 ἅπερ
434 839 477 910 όν
501 835 571 942 ᾔ,’)
594 843 667 911 ἔνια
685 845 721 910 δὲ
744 844 854 932 πόρρω
874 864 880 876 ·
899 843 968 911 οἷον
983 853 1057 930 περὶ
1074 848 1132 908 τοῦ
1154 842 1212 909 τόν
1236 839 1336 932 όρτον

164 953 210 1038 μή
235 952 449 1031 καταγνόναι,
476 947 525 1018 ότι
549 950 631 1039 πρός
653 951 713 1038 τήν
737 952 773 1018 ἐν
796 946 880 1041 ᾅδου
903 963 1007 1039 κρίσιν
1030 951 1067 1018 οδ
1091 960 1241 1038 συμφέρει
1268 1001 1273 1012 .
1299 955 1336 1015 αῖ

167 1059 204 1126 δὲ
243 1066 502 1148 προστιθέμενοι
543 1061 755 1140 εἰκοτολογίαι
789 1068 864 1147 περὶ
893 1061 959 1126 rav
990 1057 1144 1125 τοιούτοιν
1186 1055 1246 1124 οὐκ
1272 1057 1335 1123 εἶσὶ

168 1173 411 1252 Πυθαγορικαί,
442 1167 514 1231 αλλ’
537 1166 633 1232 ἐνίων
663 1163 790 1244 ἔξωθεν
812 1165 1089 1251 ἔπισοφιζομένων
1128 1162 1193 1248 [καὶ
1223 1188 1335 1248 πειρω-

165 1271 286 1359 μένων]
311 1269 515 1363 προσάπτειν
531 1273 642 1340 εἰκότα
667 1273 774 1355 λόγον,
792 1271 860 1340 οἷον
882 1283 938 1338 καὶ
958 1278 1106 1359 περὶτοῦ
1129 1277 1190 1340 νῦν
1205 1273 1335 1356 λεχθέν-

170 1407 233 1460 τος,
261 1377 317 1447 aaa
341 1390 378 1446 τί
396 1381 436 1446 ου’
460 1381 512 1447 δεῖ
539 1380 744 1462 καταγνόναι
767 1381 826 1450 τόν
849 1378 949 1466 ἄρτον
974 1401 980 1413 ’
1006 1383 1042 1446 οἳ
1057 1385 1120 1464 μὲν
1143 1378 1207 1466 γοέρ
1237 1387 1336 1461 φασὶν
1361 1462 1363 1465 v

167 1483 218 1554 ότι
242 1489 281 1556 οδ
306 1489 357 1554 δεῖ
377 1487 435 1556 τόν
459 1488 642 1571 συνάγοντα
667 1488 813 1556 διαλύειν
838 1507 843 1522 ·
867 1488 903 1552 τό
927 1483 990 1574 γολρ
1015 1487 1152 1573 α’ρχαῑον
1175 1490 1333 1573 βαρβαρι-

111 1579 115 1588 ’
166 1600 232 1675 κοῖς
264 1596 388 1674 πάντες
417 1594 474 1662 aa
504 1600 563 1662 ἕνα
592 1584 694 1679 ἄρτον
726 1591 884 1693 συνῄεσαν
913 1599 942 1660 οἱ
974 1595 1060 1680 φίλοι
1086 1613 1091 1625 ·
1116 1597 1152 1659 οἳ
1170 1594 1198 1659 δ’
1224 1587 1274 1659 ότι
1298 1591 1336 1659 οὐ

75 1719 79 1722 ’
168 1704 219 1769 δεῖ
253 1697 370 1769 οἰωνόν
411 1709 583 1769 ποιεῖσθαι
616 1703 766 1771 τοιοῦτον
803 1701 986 1785 οἷρχόμενον
1028 1699 1239 1783 καταγνόντα
1281 1709 1337 1766 καὶ

169 1814 395 1897 συντρίβοντα.
448 1806 580 1884 Quibus
604 1829 646 1872 ex
668 1806 779 1874 verbis
802 1806 1026 1892 comperimus
1058 1826 1227 1870 unacum
1257 1826 1337 1872 non-

169 1914 273 1982 nullis
307 1915 487 1980 acusmatis
518 1915 713 1982 circumlata
752 1936 823 1980 esse
857 1912 971 2004 λόγους
1013 1912 1068 1979 vel
1113 1916 1337 1996 είκοιολογίας,

170 2043 318 2108 quorum
336 2022 417 2086 ¹duo
440 2021 694 2107 distinguuntur
724 2043 855 2107 genera,
880 2020 1022 2087 aiterum
1053 2042 1094 2085 ex
1117 2041 1215 2086 verae
1247 2041 1338 2086 acus-

170 2136 303 2196 matum
327 2135 467 2195 naturae
484 2129 673 2213 cognitione
697 2129 877 2215 repetitum
893 2167 933 2176 —
962 2128 1037 2193 talis
1061 2127 1151 2192 enim
1175 2127 1340 2192 sententia

168 2236 308 2302 subesse
330 2235 429 2302 debet
451 2236 579 2303 vitiosis
602 2235 712 2302 verbis
737 2225 825 2316 δόξει
848 2246 1113 2326 προσπεφυκέναι
1136 2231 1222 2324 οἵπερ
1239 2233 1283 2302 ἂν
1306 2228 1337 2334 ᾔ,

168 2350 207 2409 ut
223 2343 333 2408 elucet
357 2329 575 2429 ex'exemplo
599 2343 709 2422 allato,
733 2365 823 2430 nam,
849 2363 1058 2429 quamquam
1081 2363 1150 2407 non
1172 2342 1338 2427 intellego,

169 2450 252 2536 quid
278 2450 633 2536 significeticotologia
657 2447 708 2518 ότι
731 2452 814 2542 πρός
836 2452 897 2538 τήν
919 2451 956 2518 ἐν
979 2446 1061 2542 ᾅδου
1084 2463 1187 2539 κρίσιν
1211 2452 1248 2518 οὐ
1268 2472 1340 2535 συμ-

169 2570 267 2648 φέρει,
286 2563 400 2622 tamen
422 2579 503 2624 vera
525 2557 617 2623 haud
640 2557 743 2623 dubie
764 2557 944 2622 acusmatis
968 2556 1060 2641 origo
1085 2577 1123 2620 ea
1139 2555 1338 2635 occultatur;

167 2664 291 2730 talibus
315 2663 407 2730 enim
438 2665 475 2729 in
498 2664 597 2730 rebus
628 2687 667 2730 ea
699 2666 792 2744 ratio,
818 2685 904 2750 quae
927 2685 996 2730 non
1027 2663 1095 2728 iam
1127 2663 1339 2748 intellegitur,

168 2772 341 2858 primitiva
359 2773 581 2853 essesolet—‚
595 2772 737 2838 alterum
754 2772 886 2858 longius
903 2771 1096 2837 arcessitum
1114 2776 1146 2836 et
1161 2771 1340 2836 acusmatis

172 2878 327 2944 additum
350 2900 420 2945 non
443 2878 485 2945 ab
508 2879 590 2965 ipsis
613 2879 842 2965 Pythagoreis,
867 2879 926 2944 sed
949 2878 991 2944 ab
1016 2877 1182 2944 extraneis
1206 2876 1340 2963 quibus·

170 2986 259 3066 dam,
285 2992 323 3052 ut
345 2986 503 3051 idoneam
526 2987 813 3072 comprehendant
835 2987 1008 3052 rationem.

279 3111 411 3188 Quibus
435 3132 513 3178 curn
528 3111 639 3178 verbis
663 3112 788 3198 optime
806 3111 1021 3190 conveniunt,
1038 3131 1125 3196 quaa
1148 3109 1342 3195 paulopost

172 3226 193 3304 ξ
217 3219 259 3285 87
283 3240 326 3284 ex
356 3218 473 3284 eodem
497 3219 701 3286 Nicomacho
732 3220 832 3284 refert
854 3217 1063 3285 Jamblichus
1094 3217 1135 3282 de
1159 3217 1341 3303 Hippome-

172 3326 285 3392 dontis
308 3333 538 3417 Πυθαγορείου
561 3334 629 3396 τοῖν
653 3329 902 3413 α’κουσματικοΐν
926 3324 1023 3402 dicta,
1042 3324 1091 3393 ότι
1116 3326 1252 3392 πόντων
1275 3321 1341 3392 τοδ-

177 3462 243 3503 των
267 3435 387 3512 ἐκεῖνος
411 3435 465 3519 (sc.
484 3431 704 3526 Πυθαγόρας)
728 3431 840 3517 λόγους
855 3442 912 3500 καὶ
928 3426 1115 3512 όποδείξεις
1137 3434 1238 3507 εἶπεν,
1256 3432 1341 3498 οἷλλοὶ

174 3540 230 3610 διδ
255 3537 292 3608 τό
317 3541 575 3630 παραδεδόσθαι
599 3542 654 3608 δια
680 3544 811 3608 πολλῶν
834 3553 890 3608 καὶ
915 3533 967 3607 cici
998 3540 1180 3629 οἷργοτέρων
1203 3539 1260 3607 τόν
1282 3545 1343 3624 μὲν

174 3647 272 3732 λόγον
295 3655 528 3746 περιῃρῆσθαι,
565 3651 739 3735 λελεῖφθαι
769 3651 806 3714 δὲ
831 3647 919 3716 αὐτοὶ
944 3643 985 3714 τοὶ
1010 3645 1238 3733 προβλήματα.
1281 3645 1342 3730 Py-

174 3756 332 3842 thagoras
355 3755 457 3840 igitur
480 3755 551 3841 ipse
575 3754 732 3820 omnibus
756 3754 936 3820 acusmatis
959 3752 1100 3818 subiecit
1121 3752 1274 3818 rationes

284 3881 396 3956 Quare
413 3901 492 3945 cum
515 3879 558 3944 ad
574 3885 746 3945 acusmata
770 3878 968 3965 explicanda
983 3877 1188 3965 permultum
1210 3876 1343 3943 valeant

175 3977 269 4054 haud
293 3986 393 4052 dubie
416 3986 610 4072 icotologiae
635 3986 678 4052 ad
700 3987 791 4072 ipsos
803 3985 1030 4072 Pythagoreos
1054 3984 1229 4050 redeuntes
1253 3982 1295 4070 (h
1314 4005 1340 4048 e.

177 4117 264 4182 quae
289 4094 442 4160 derivant
459 4100 632 4160 acusmata
649 4115 691 4158 cx
706 4093 834 4179 origine
858 4092 1011 4177 religiosa
1025 4091 1079 4158 vel
1095 4089 1342 4178 superstitiosa),

177 4225 247 4268 una
270 4222 349 4266 cum
372 4201 551 4267 acusmatis
576 4199 780 4286 colligendae
805 4206 884 4265 sunt
900 4219 1015 4264 earum
1038 4197 1344 4283 interpretationea;

288 4521 309 4591 ¹)
328 4521 416 4578 Recte
442 4523 555 4576 adnotat
578 4521 613 4576 N.
639 4520 723 4575 verba
756 4519 856 4576 vitiosa
879 4534 953 4590 csse;
980 4518 1109 4587 quomodo
1135 4517 1255 4577 sananda
1280 4519 1344 4584 sint,

179 4631 233 4670 non
251 4612 340 4670 video.
