3488 5584
611 451 831 524 ..55-

138 646 185 710 cis
201 644 452 730 componendis,
467 649 505 708 ut
521 665 572 708 res
589 644 624 708 in
641 644 852 710 sermonibus
869 665 905 708 re
920 665 1000 712 vera
1014 641 1137 712 habitis
1153 651 1309 712 tractatas

138 758 254 838 postea
278 774 319 816 ex
339 752 501 817 memoria
517 751 692 817 artificiose
717 758 750 816 et
771 751 975 837 lepidissime
991 760 1150 830 narraret,
1169 753 1309 839 singulis
1392 756 1395 762 '

138 859 285 926 convivii
324 858 494 925 sodalibus
533 880 629 923 suam
670 859 791 944 cuique
831 859 1033 924 sententiam
1068 867 1100 924 et
1134 861 1308 945 proprium

141 966 306 1040 iudicium
331 987 432 1056 quam
457 967 604 1040 maxime
628 965 779 1040 tribuens
803 972 836 1030 ct
859 987 997 1048 servans
1021 1005 1064 1012 -
1087 968 1127 1031 cl.
1153 967 1189 1030 E.
1217 967 1307 1046 Grai,

138 1079 319 1139 comment.
355 1071 515 1138 Ribbeck.
541 1094 572 1158 p.
598 1073 638 1138 61
663 1095 723 1152 -;
760 1073 794 1136 id
830 1073 921 1158 quod
955 1073 991 1137 in
1026 1080 1140 1138 nostra
1174 1095 1308 1159 quoque

137 1181 334 1266 quaestione
363 1181 480 1250 iecisse
504 1179 722 1254 Plutarchum
757 1179 835 1245 inde
869 1179 1082 1265 conspicitur,
1119 1180 1210 1265 quod
1245 1203 1307 1245 ser-

136 1289 248 1360 monis
277 1287 462 1360 ccnvivalis
496 1308 589 1362 merc
624 1276 792 1372 modoque
827 1309 935 1360 unum
972 1287 1081 1364 solum
1117 1287 1306 1372 symbolum

138 1401 294 1464 accurate
317 1400 486 1472 tractatur,
512 1394 577 1458 alia
600 1395 813 1478 attinguntur
835 1400 977 1472 tantum,
1002 1416 1071 1477 uon
1088 1395 1305 1480 explicantur.

137 1503 177 1566 ln
199 1501 328 1574 talibus
349 1523 430 1568 vero
453 1500 546 1576 libris
570 1500 611 1576 dc
635 1508 789 1566 accurato
813 1501 959 1574 fontium
992 1502 1146 1583 eyamine
1166 1502 1307 1586 cogitari

138 1631 208 1674 non
233 1615 350 1694 potest.
1017 1631 1020 1642 ¹

245 1716 417 1784 Plutarchi
442 1715 603 1801 symbolis
633 1716 668 1780 in
693 1735 794 1794 suum
818 1737 916 1790 usum
942 1716 1156 1792 conuautatis
1179 1715 1308 1794 addidit

137 1824 294 1890 Clemens
322 1821 497 1901 nonnulla,
521 1844 608 1907 quae
636 1822 789 1898 onmium
812 1822 849 1886 in
872 1843 927 1886 orc
952 1829 1055 1900 erant,
1105 1825 1240 1905 1ζογόν
1262 1821 1307 1912 μή

136 1928 363 2024 incestuosa,
389 1932 449 2010 acic
472 1932 652 2018 λεωφόρους
677 1931 774 2009 ὁδούς
803 1931 847 2017 μή
871 1932 1034 2010 βαδίζειν,
1061 1928 1239 2004 decuriatos
1261 1932 1305 2016 μή

135 2056 248 2129 φορεῖν
270 2036 347 2126 μηδ’
360 2035 490 2118 εἰκόνας
505 2030 616 2117 cicccc
633 2035 844 2126 impacata
860 2044 952 2108 aaa
971 2058 977 2070 ·
995 2036 1197 2122 symbolum,
1215 2037 1306 2122 qued

137 2144 229 2231 apud
253 2145 363 2212 solum
379 2144 586 2220 Clementem
610 2144 807 2236 repperitur,
832 2145 888 2220 ἐπὶ
908 2149 966 2230 γῆς
982 2140 1026 2230 μή
1044 2147 1146 2223 πλεῖν,
1168 2145 1306 2226 fortasse
1330 2149 1333 2154 '

137 2252 320 2322 Clementis
344 2272 453 2324 errore
477 2251 686 2336 Pythagorae
710 2249 874 2323 tributum
898 2257 955 2326 est.

244 2359 285 2423 In
309 2359 493 2443 icctolcgiis
506 2363 595 2425 'uero
619 2358 790 2424 Plutarchi
813 2358 994 2444 conspicua
1012 2364 1068 2428 ,est
1084 2357 1200 2434 eadem
1221 2380 1306 2444 sym·

138 2467 214 2536 bola
237 2465 429 2551 explicandi
452 2465 546 2543 ratio,
577 2486 687 2550 quarn
722 2471 876 2538 secutum
902 2449 980 2536 esse
1004 2464 1152 2531 vidimus
1176 2465 1304 2530 Andro-

118 2555 120 2560 *
137 2573 275 2658 cydem,
290 2572 443 2659 symbola
456 2573 486 2638 ei
503 2578 583 2638 sunt
599 2571 799 2658 aemgmata
811 2571 940 2657 quibus
959 2571 1142 2646 occultetur
1158 2571 1305 2650 ethicum

137 2680 277 2766 aliquod
300 2685 525 2766 pracceptum,
552 2679 644 2764 quod
667 2665 917 2764 interpretando
934 2679 1180 2752 enucleandum
1204 2680 1246 2752 sit
1263 2719 1304 2727 -

137 2786 264 2877 q'draoic
287 2791 438 2866 ἐπιεικῶς
462 2785 651 2872 ποιούμενοι
675 2786 735 2866 τοὶς
757 2786 861 2865 lausus
885 2788 1002 2876 αι’νιμῖν.

244 2895 295 2959 Ea
318 2896 388 2962 sola
410 2915 445 2963 re
469 2893 580 2960 differt
603 2893 644 2958 ab
668 2893 879 2979 Androcyde,
904 2900 941 2959 ut
964 2893 1007 2960 ad
1030 2893 1182 2979 symbola
1205 2895 1304 2981 capli-

137 3002 247 3084 canda
280 3002 386 3069 multo
421 3001 547 3072 maiore
582 3007 696 3066 utatur
731 2999 883 3068 doctrina
928 3006 960 3065 et
994 3001 1214 3074 ratiocinandi
1249 3004 1305 3069 via

134 3111 271 3176 insistat
304 3107 543 3175 subtilissima·
589 3107 677 3176 Nam
708 3129 789 3177 cum
824 3107 1051 3200 Pythagoram
1085 3114 1166 3184 nebu
1199 3109 1304 3184 ,fuisse

136 3217 318 3290 Etruscum
343 3221 501 3301 putarent
525 3215 588 3287 viri
612 3214 700 3284 docti
725 3253 764 3262 -
790 3215 966 3301 perspicuo
989 3237 1098 3281 errore
1122 3217 1162 3280 cl.
1188 3217 1303 3294 Zeller,

136 3323 209 3418 I,l⁵‚
246 3347 278 3409 p.
303 3324 402 3401 2962
425 3361 478 3400 —,
508 3344 550 3388 ex
584 3322 803 3392 nuuscorum
838 3322 988 3388 moribus
1020 3329 1069 3396 et·
1087 3344 1151 3397 usu
1186 3325 1304 3408 repetit

137 3431 339 3502 Plutarchus
374 3429 605 3516 symbolorum
638 3429 946 3515 interpretationem
998 3468 1024 3477 *
1063 3431 1103 3494 ci.
1144 3431 1231 3498 Plut.
1269 3453 1301 3498 y.

136 3539 237 3603 Num.
265 3539 306 3604 14
328 3560 388 3616 -.-;
425 3537 505 3604 item
543 3536 714 3604 descendit
748 3537 783 3600 in
814 3536 1017 3622 Aegypticcs
1047 3537 1130 3612 ritus
1154 3559 1302 3616 arcanos,

136 3645 305 3731 aquibus
330 3644 515 3712 doctrinam
542 3666 639 3708 suam
664 3649 856 3715 mutuatum
881 3665 952 3709 esse
974 3644 1202 3730 Pythagoram
1223 3645 1303 3713 inde

136 3752 178 3818 ab
202 3752 375 3821 Herodoto
404 3751 513 3837 rffldll
548 3757 608 3816 etc.
647 3752 687 3820 cl.
709 3751 828 3831 ‚Zellec
861 3753 929 3820 ‚305
948 3751 1058 3836 seqq.)
1093 3758 1126 3822 et
1159 3750 1303 3826 Isocrate

135 3858 226 3946 (Rus,
255 3859 361 3946 1138)
384 3859 482 3928 multi
500 3865 735 3926 narraverunt.
760 3859 799 3924 cl.
824 3858 932 3933 Zeller
955 3881 986 3944 p.
1010 3860 1146 3937 scat,

244 3965 375 4043 Quibus
406 3965 601 4036 nauombus
636 3947 807 4036 adduntur
844 3988 896 4052 ap.
931 3966 1137 4040 Clementem
1171 3965 1301 4046 Judaei,

63 4073 66 4084 '
136 4095 221 4159 quos
249 4073 460 4159 Pythagorae
484 4073 660 4156 magistros
696 4073 798 4138 luisse
827 4074 956 4158 primus
979 4094 1131 4146 narrasse
1170 4073 1303 4146 videtur

135 4181 345 4267 Hermippus
369 4183 383 4260 (.
400 4181 421 4245 l.
447 4180 582 4266 loseph.
608 4200 635 4244 c.
660 4180 724 4265 Ap.
749 4178 845 4268 122).

243 4289 333 4356 uera
356 4287 586 4374 symbolorum
608 4294 731 4360 natura
754 4281 786 4352 et
808 4285 937 4358 indoles
953 4308 1015 4354 nec
1038 4287 1216 4362 Plutarcho
1240 4309 1302 4358 nec
1389 4263 1392 4269 Ι

135 4395 364 4482 Pythagoreis,
405 4394 610 4480 quibuscum
645 4390 853 4482 colloquitur,
894 4395 967 4468 iam
999 4401 1073 4468 crat
1106 4395 1299 4480 perspicua;

136 4503 235 4588 plane
265 4502 449 4568 obscurata
483 4508 532 4567 est
554 4501 688 4568 illorum
723 4523 833 4587 opera,
869 4523 954 4587 quos
977 4502 1171 4574 Aristoteles
1205 4510 1302 4578 siccat

132 4609 263 4692 boesa
286 4612 572 4698 ἐπισοφιζομένονς
596 4611 799 4699 προσάπτειν
820 4612 934 4682 εἰκότα
952 4612 1063 4702 λόχον,

1090 4721 1106 4774 ὃ
