<?xml version="1.0" encoding="UTF-8"?>
<!DOCTYPE html PUBLIC "-//W3C//DTD XHTML 1.0 Transitional//EN"
    "http://www.w3.org/TR/xhtml1/DTD/xhtml1-transitional.dtd">
<html xmlns="http://www.w3.org/1999/xhtml" xml:lang="en" lang="en">
 <head>
  <title>
</title>
<meta http-equiv="Content-Type" content="text/html;charset=utf-8" />
  <meta name='ocr-system' content='tesseract 3.04.00' />
  <meta name='ocr-capabilities' content='ocr_page ocr_carea ocr_par ocr_line ocrx_word'/>
</head>
<body>
  <div class='ocr_page' id='page_1' title='image "./deacusmatissive00hlgoog_0041.png"; bbox 0 0 3488 5584; ppageno 0'>
   <div class='ocr_carea' id='block_1_1' title="bbox 919 449 1139 548">
    <p class='ocr_par' dir='ltr' id='par_1_1' title="bbox 919 449 1139 548">
     <span class='ocr_line' id='line_1_1' title="bbox 919 449 1139 548; baseline -0.009 -14"><span class='ocrx_word' id='word_1_1' title='bbox 919 449 1139 548; x_wconf 64' lang='grc'>..34-</span> 
     </span>
    </p>
   </div>
   <div class='ocr_carea' id='block_1_2' title="bbox 449 675 1723 4728">
    <p class='ocr_par' dir='ltr' id='par_1_2' title="bbox 449 675 1612 1810">
     <span class='ocr_line' id='line_1_2' title="bbox 449 675 1609 763; baseline -0.003 -21"><span class='ocrx_word' id='word_1_2' title='bbox 449 679 567 744; x_wconf 90' lang='lat' dir='ltr'><strong>notitia</strong></span> <span class='ocrx_word' id='word_1_3' title='bbox 605 685 766 758; x_wconf 87' lang='lat' dir='ltr'><strong>exortum,</strong></span> <span class='ocrx_word' id='word_1_4' title='bbox 814 679 956 744; x_wconf 91' lang='lat' dir='ltr'><strong>alterum</strong></span> <span class='ocrx_word' id='word_1_5' title='bbox 994 678 1169 763; x_wconf 87' lang='lat' dir='ltr'><strong>allegorica</strong></span> <span class='ocrx_word' id='word_1_6' title='bbox 1204 675 1444 762; x_wconf 90' lang='lat' dir='ltr'><strong>interpretandi</strong></span> <span class='ocrx_word' id='word_1_7' title='bbox 1483 676 1609 740; x_wconf 86' lang='lat' dir='ltr'><strong>ratione</strong></span> 
     </span>
     <span class='ocr_line' id='line_1_3' title="bbox 450 783 1609 871; baseline -0.003 -22"><span class='ocrx_word' id='word_1_8' title='bbox 450 785 674 870; x_wconf 85' lang='lat' dir='ltr'><strong>conquisitum</strong></span> <span class='ocrx_word' id='word_1_9' title='bbox 686 807 697 864; x_wconf 91' lang='lat'><strong>;·</strong></span> <span class='ocrx_word' id='word_1_10' title='bbox 728 786 831 850; x_wconf 91' lang='lat' dir='ltr'><strong>immo</strong></span> <span class='ocrx_word' id='word_1_11' title='bbox 867 807 906 851; x_wconf 91' lang='lat' dir='ltr'><strong>ea</strong></span> <span class='ocrx_word' id='word_1_12' title='bbox 940 807 1025 871; x_wconf 92' lang='lat' dir='ltr'><strong>quae</strong></span> <span class='ocrx_word' id='word_1_13' title='bbox 1057 786 1093 850; x_wconf 90' lang='lat' dir='ltr'><strong>in</strong></span> <span class='ocrx_word' id='word_1_14' title='bbox 1128 784 1270 850; x_wconf 90' lang='lat' dir='ltr'><strong>exilibus</strong></span> <span class='ocrx_word' id='word_1_15' title='bbox 1304 783 1500 868; x_wconf 81' lang='lat' dir='ltr'><strong>fragmentis</strong></span> <span class='ocrx_word' id='word_1_16' title='bbox 1523 789 1609 847; x_wconf 84' lang='lat' dir='ltr'><strong>certe</strong></span> 
     </span>
     <span class='ocr_line' id='line_1_4' title="bbox 449 890 1609 976; baseline -0.003 -20"><span class='ocrx_word' id='word_1_17' title='bbox 449 890 665 956; x_wconf 86' lang='lat' dir='ltr'><strong>Aristotelicis</strong></span> <span class='ocrx_word' id='word_1_18' title='bbox 694 892 797 957; x_wconf 91' lang='lat' dir='ltr'><strong>dubia</strong></span> <span class='ocrx_word' id='word_1_19' title='bbox 820 899 1061 970; x_wconf 88' lang='lat' dir='ltr'><strong>remanserunt,</strong></span> <span class='ocrx_word' id='word_1_20' title='bbox 1098 898 1136 957; x_wconf 91' lang='lat' dir='ltr'><strong>ut</strong></span> <span class='ocrx_word' id='word_1_21' title='bbox 1159 913 1185 956; x_wconf 92' lang='lat' dir='ltr'><strong>e.</strong></span> <span class='ocrx_word' id='word_1_22' title='bbox 1221 913 1268 976; x_wconf 88' lang='lat' dir='ltr'><strong>gr.</strong></span> <span class='ocrx_word' id='word_1_23' title='bbox 1306 911 1490 976; x_wconf 82' lang='lat' dir='ltr'><strong>quamnam</strong></span> <span class='ocrx_word' id='word_1_24' title='bbox 1513 890 1609 954; x_wconf 89' lang='lat' dir='ltr'><strong>inter·</strong></span> 
     </span>
     <span class='ocr_line' id='line_1_5' title="bbox 449 996 1609 1084; baseline -0.002 -22"><span class='ocrx_word' id='word_1_25' title='bbox 449 998 601 1083; x_wconf 82' lang='lat' dir='ltr'><strong>pretendi</strong></span> <span class='ocrx_word' id='word_1_26' title='bbox 618 999 781 1064; x_wconf 90' lang='lat' dir='ltr'><strong>rationem</strong></span> <span class='ocrx_word' id='word_1_27' title='bbox 796 999 867 1084; x_wconf 89' lang='lat' dir='ltr'><strong>ipse</strong></span> <span class='ocrx_word' id='word_1_28' title='bbox 883 999 1074 1064; x_wconf 80' lang='lat' dir='ltr'><strong>Aristoteles</strong></span> <span class='ocrx_word' id='word_1_29' title='bbox 1090 997 1289 1084; x_wconf 90' lang='lat' dir='ltr'><strong>probaverit,</strong></span> <span class='ocrx_word' id='word_1_30' title='bbox 1314 996 1538 1082; x_wconf 82' lang='lat' dir='ltr'><strong>explanantur</strong></span> <span class='ocrx_word' id='word_1_31' title='bbox 1554 996 1609 1074; x_wconf 84' lang='lat' dir='ltr'><strong>eie,</strong></span> 
     </span>
     <span class='ocr_line' id='line_1_6' title="bbox 450 1103 1611 1190; baseline -0.002 -21"><span class='ocrx_word' id='word_1_32' title='bbox 450 1126 536 1190; x_wconf 90' lang='lat' dir='ltr'><strong>quac</strong></span> <span class='ocrx_word' id='word_1_33' title='bbox 570 1105 636 1170; x_wconf 91' lang='lat' dir='ltr'><strong>fine</strong></span> <span class='ocrx_word' id='word_1_34' title='bbox 666 1105 892 1171; x_wconf 81' lang='lat' dir='ltr'><strong>lamblichcac</strong></span> <span class='ocrx_word' id='word_1_35' title='bbox 923 1105 1158 1190; x_wconf 82' lang='lat' dir='ltr'><strong>disputationis</strong></span> <span class='ocrx_word' id='word_1_36' title='bbox 1189 1112 1403 1190; x_wconf 89' lang='lat' dir='ltr'><strong>exponuntur</strong></span> <span class='ocrx_word' id='word_1_37' title='bbox 1434 1103 1475 1169; x_wconf 89' lang='lat' dir='ltr'><strong>de</strong></span> <span class='ocrx_word' id='word_1_38' title='bbox 1518 1104 1611 1169; x_wconf 90' lang='lat' dir='ltr'><strong>varia</strong></span> 
     </span>
     <span class='ocr_line' id='line_1_7' title="bbox 450 1209 1610 1297; baseline -0.002 -22"><span class='ocrx_word' id='word_1_39' title='bbox 450 1212 658 1296; x_wconf 89' lang='lat' dir='ltr'><strong>singularum</strong></span> <span class='ocrx_word' id='word_1_40' title='bbox 682 1212 935 1297; x_wconf 91' lang='lat' dir='ltr'><strong>icotologiarum</strong></span> <span class='ocrx_word' id='word_1_41' title='bbox 957 1212 1079 1277; x_wconf 91' lang='lat' dir='ltr'><strong>indole.</strong></span> <span class='ocrx_word' id='word_1_42' title='bbox 1126 1212 1238 1296; x_wconf 87' lang='lat' dir='ltr'><strong>Atque</strong></span> <span class='ocrx_word' id='word_1_43' title='bbox 1255 1210 1516 1276; x_wconf 88' lang='lat' dir='ltr'><strong>luculentissime</strong></span> <span class='ocrx_word' id='word_1_44' title='bbox 1540 1209 1610 1274; x_wconf 85' lang='lat' dir='ltr'><strong>Ari·</strong></span> 
     </span>
     <span class='ocr_line' id='line_1_8' title="bbox 450 1316 1611 1406; baseline -0.002 -23"><span class='ocrx_word' id='word_1_45' title='bbox 450 1319 597 1384; x_wconf 88' lang='lat' dir='ltr'><strong>stotelica</strong></span> <span class='ocrx_word' id='word_1_46' title='bbox 631 1319 731 1384; x_wconf 88' lang='lat' dir='ltr'><strong>huius</strong></span> <span class='ocrx_word' id='word_1_47' title='bbox 766 1319 829 1384; x_wconf 93' lang='lat' dir='ltr'><strong>loci</strong></span> <span class='ocrx_word' id='word_1_48' title='bbox 863 1320 955 1404; x_wconf 87' lang='lat' dir='ltr'><strong>origo</strong></span> <span class='ocrx_word' id='word_1_49' title='bbox 990 1318 1150 1406; x_wconf 91' lang='lat' dir='ltr'><strong>probatur</strong></span> <span class='ocrx_word' id='word_1_50' title='bbox 1183 1339 1361 1403; x_wconf 84' lang='lat' dir='ltr'><strong>mque.</strong></span> <span class='ocrx_word' id='word_1_51' title='bbox 1388 1339 1427 1382; x_wconf 89' lang='lat' dir='ltr'><strong>ca</strong></span> <span class='ocrx_word' id='word_1_52' title='bbox 1450 1339 1494 1396; x_wconf 88' lang='lat' dir='ltr'><strong>re,</strong></span> <span class='ocrx_word' id='word_1_53' title='bbox 1520 1316 1611 1402; x_wconf 92' lang='lat' dir='ltr'><strong>quod</strong></span> 
     </span>
     <span class='ocr_line' id='line_1_9' title="bbox 451 1424 1610 1511; baseline -0.002 -21"><span class='ocrx_word' id='word_1_54' title='bbox 451 1424 567 1490; x_wconf 89' lang='lat' dir='ltr'><strong>eadem</strong></span> <span class='ocrx_word' id='word_1_55' title='bbox 590 1426 626 1489; x_wconf 94' lang='lat' dir='ltr'><strong>in</strong></span> <span class='ocrx_word' id='word_1_56' title='bbox 648 1425 916 1511; x_wconf 80' lang='lat' dir='ltr'><strong>interrogationis</strong></span> <span class='ocrx_word' id='word_1_57' title='bbox 939 1427 1082 1490; x_wconf 80' lang='lat' dir='ltr'><strong>formam</strong></span> <span class='ocrx_word' id='word_1_58' title='bbox 1106 1431 1277 1490; x_wconf 89' lang='lat' dir='ltr'><strong>acusmata</strong></span> <span class='ocrx_word' id='word_1_59' title='bbox 1311 1424 1482 1509; x_wconf 85' lang='lat' dir='ltr'><strong>redigendi</strong></span> <span class='ocrx_word' id='word_1_60' title='bbox 1516 1424 1610 1502; x_wconf 87' lang='lat' dir='ltr'><strong>ratic,</strong></span> 
     </span>
     <span class='ocr_line' id='line_1_10' title="bbox 451 1531 1612 1618; baseline -0.001 -22"><span class='ocrx_word' id='word_1_61' title='bbox 451 1553 551 1616; x_wconf 90' lang='lat' dir='ltr'><strong>quam</strong></span> <span class='ocrx_word' id='word_1_62' title='bbox 577 1532 828 1599; x_wconf 83' lang='lat' dir='ltr'><strong>observavimus</strong></span> <span class='ocrx_word' id='word_1_63' title='bbox 851 1554 961 1618; x_wconf 88' lang='lat' dir='ltr'><strong>neque</strong></span> <span class='ocrx_word' id='word_1_64' title='bbox 984 1554 1062 1599; x_wconf 91' lang='lat' dir='ltr'><strong>vcro</strong></span> <span class='ocrx_word' id='word_1_65' title='bbox 1087 1532 1326 1617; x_wconf 83' lang='lat' dir='ltr'><strong>explicavimus</strong></span> <span class='ocrx_word' id='word_1_66' title='bbox 1345 1532 1381 1596; x_wconf 93' lang='lat' dir='ltr'><strong>in</strong></span> <span class='ocrx_word' id='word_1_67' title='bbox 1404 1553 1472 1596; x_wconf 92' lang='lat' dir='ltr'><strong>uno</strong></span> <span class='ocrx_word' id='word_1_68' title='bbox 1489 1531 1612 1596; x_wconf 88' lang='lat' dir='ltr'><strong>Aristo-</strong></span> 
     </span>
     <span class='ocr_line' id='line_1_11' title="bbox 450 1636 1612 1723; baseline -0.001 -21"><span class='ocrx_word' id='word_1_69' title='bbox 450 1638 546 1703; x_wconf 88' lang='lat' dir='ltr'><strong>telico</strong></span> <span class='ocrx_word' id='word_1_70' title='bbox 570 1645 748 1718; x_wconf 88' lang='lat' dir='ltr'><strong>acusmate,</strong></span> <span class='ocrx_word' id='word_1_71' title='bbox 772 1640 915 1704; x_wconf 91' lang='lat' dir='ltr'><strong>occurrit</strong></span> <span class='ocrx_word' id='word_1_72' title='bbox 936 1638 979 1704; x_wconf 93' lang='lat' dir='ltr'><strong>ad</strong></span> <span class='ocrx_word' id='word_1_73' title='bbox 1003 1639 1116 1704; x_wconf 88' lang='lat' dir='ltr'><strong>omnia</strong></span> <span class='ocrx_word' id='word_1_74' title='bbox 1145 1643 1316 1704; x_wconf 89' lang='lat' dir='ltr'><strong>acusmata</strong></span> <span class='ocrx_word' id='word_1_75' title='bbox 1348 1636 1498 1702; x_wconf 90' lang='lat' dir='ltr'><strong>adhibita</strong></span> <span class='ocrx_word' id='word_1_76' title='bbox 1521 1636 1612 1723; x_wconf 86' lang='lat' dir='ltr'><strong>apud</strong></span> 
     </span>
     <span class='ocr_line' id='line_1_12' title="bbox 450 1744 687 1810; baseline -0.004 0"><span class='ocrx_word' id='word_1_77' title='bbox 450 1744 687 1810; x_wconf 79' lang='lat' dir='ltr'><strong>lamblichum.</strong></span> 
     </span>
    </p>

    <p class='ocr_par' dir='ltr' id='par_1_3' title="bbox 451 1851 1723 4728">
     <span class='ocr_line' id='line_1_13' title="bbox 557 1851 1613 1937; baseline 0 -21"><span class='ocrx_word' id='word_1_78' title='bbox 557 1851 680 1916; x_wconf 85' lang='lat' dir='ltr'><strong>Omnia</strong></span> <span class='ocrx_word' id='word_1_79' title='bbox 710 1858 881 1917; x_wconf 87' lang='lat' dir='ltr'><strong>acusmata</strong></span> <span class='ocrx_word' id='word_1_80' title='bbox 903 1852 1101 1918; x_wconf 87' lang='lat' dir='ltr'><strong>ordinantur</strong></span> <span class='ocrx_word' id='word_1_81' title='bbox 1134 1851 1319 1917; x_wconf 90' lang='lat' dir='ltr'><strong>secundum</strong></span> <span class='ocrx_word' id='word_1_82' title='bbox 1343 1858 1409 1916; x_wconf 89' lang='lat' dir='ltr'><strong>tres</strong></span> <span class='ocrx_word' id='word_1_83' title='bbox 1432 1851 1613 1937; x_wconf 88' lang='lat' dir='ltr'><strong>interroga·</strong></span> 
     </span>
     <span class='ocr_line' id='line_1_14' title="bbox 451 1957 1618 2044; baseline 0.002 -22"><span class='ocrx_word' id='word_1_84' title='bbox 451 1959 551 2023; x_wconf 87' lang='lat' dir='ltr'><strong>tionis</strong></span> <span class='ocrx_word' id='word_1_85' title='bbox 575 1958 711 2044; x_wconf 75' lang='lat' dir='ltr'><strong>speciae,</strong></span> <span class='ocrx_word' id='word_1_86' title='bbox 736 1957 859 2044; x_wconf 91' lang='lat' dir='ltr'><strong>quibus</strong></span> <span class='ocrx_word' id='word_1_87' title='bbox 882 1959 956 2044; x_wconf 91' lang='lat' dir='ltr'><strong>ipsa</strong></span> <span class='ocrx_word' id='word_1_88' title='bbox 980 1965 1151 2024; x_wconf 89' lang='lat' dir='ltr'><strong>acusmata</strong></span> <span class='ocrx_word' id='word_1_89' title='bbox 1174 1958 1386 2044; x_wconf 89' lang='lat' dir='ltr'><strong>respondent,</strong></span> <span class='ocrx_word' id='word_1_90' title='bbox 1417 1972 1453 2026; x_wconf 77' lang='grc' dir='ltr'><strong>τί</strong></span> <span class='ocrx_word' id='word_1_91' title='bbox 1480 1961 1556 2036; x_wconf 73' lang='grc' dir='ltr'><strong><em>ἒοτι,</em></strong></span> <span class='ocrx_word' id='word_1_92' title='bbox 1583 1971 1618 2025; x_wconf 81' lang='grc' dir='ltr'><strong>τί</strong></span> 
     </span>
     <span class='ocr_line' id='line_1_15' title="bbox 452 2063 1614 2157; baseline -0.003 -24"><span class='ocrx_word' id='word_1_93' title='bbox 452 2068 518 2134; x_wconf 72' lang='grc' dir='ltr'><strong><em>ἔστι</em></strong></span> <span class='ocrx_word' id='word_1_94' title='bbox 542 2064 693 2153; x_wconf 81' lang='grc' dir='ltr'><strong><em>μάλιστα,</em></strong></span> <span class='ocrx_word' id='word_1_95' title='bbox 719 2079 754 2133; x_wconf 84' lang='grc' dir='ltr'><strong>τί</strong></span> <span class='ocrx_word' id='word_1_96' title='bbox 773 2069 824 2133; x_wconf 78' lang='grc' dir='ltr'><strong>δεῖ</strong></span> <span class='ocrx_word' id='word_1_97' title='bbox 845 2069 1004 2157; x_wconf 78' lang='grc' dir='ltr'><strong><em>πράττειν</em></strong></span> <span class='ocrx_word' id='word_1_98' title='bbox 1025 2063 1107 2154; x_wconf 57' lang='lat' dir='ltr'><strong>dap*</strong></span> <span class='ocrx_word' id='word_1_99' title='bbox 1124 2064 1295 2156; x_wconf 80' lang='grc' dir='ltr'><strong><em>πράττειυ;</em></strong></span> <span class='ocrx_word' id='word_1_100' title='bbox 1320 2065 1516 2131; x_wconf 79' lang='lat' dir='ltr'><strong>concludere</strong></span> <span class='ocrx_word' id='word_1_101' title='bbox 1533 2077 1614 2132; x_wconf 75' lang='lat' dir='ltr'><strong>vcro</strong></span> 
     </span>
     <span class='ocr_line' id='line_1_16' title="bbox 452 2172 1614 2258; baseline 0 -21"><span class='ocrx_word' id='word_1_102' title='bbox 452 2173 527 2238; x_wconf 91' lang='lat' dir='ltr'><strong>licet</strong></span> <span class='ocrx_word' id='word_1_103' title='bbox 550 2194 591 2238; x_wconf 91' lang='lat' dir='ltr'><strong>ex</strong></span> <span class='ocrx_word' id='word_1_104' title='bbox 613 2173 791 2238; x_wconf 88' lang='lat' dir='ltr'><strong>Jambliohi</strong></span> <span class='ocrx_word' id='word_1_105' title='bbox 815 2173 925 2240; x_wconf 88' lang='lat' dir='ltr'><strong>verbis</strong></span> <span class='ocrx_word' id='word_1_106' title='bbox 948 2173 1124 2239; x_wconf 91' lang='lat' dir='ltr'><strong>inventum</strong></span> <span class='ocrx_word' id='word_1_107' title='bbox 1149 2194 1219 2238; x_wconf 89' lang='lat' dir='ltr'><strong>esse</strong></span> <span class='ocrx_word' id='word_1_108' title='bbox 1242 2173 1332 2238; x_wconf 91' lang='lat' dir='ltr'><strong>hunc</strong></span> <span class='ocrx_word' id='word_1_109' title='bbox 1349 2194 1450 2238; x_wconf 88' lang='lat' dir='ltr'><strong>usum</strong></span> <span class='ocrx_word' id='word_1_110' title='bbox 1473 2172 1515 2238; x_wconf 91' lang='lat' dir='ltr'><strong>ab</strong></span> <span class='ocrx_word' id='word_1_111' title='bbox 1540 2173 1614 2258; x_wconf 91' lang='lat' dir='ltr'><strong>ipso</strong></span> 
     </span>
     <span class='ocr_line' id='line_1_17' title="bbox 452 2279 1614 2365; baseline -0.001 -21"><span class='ocrx_word' id='word_1_112' title='bbox 452 2280 636 2358; x_wconf 85' lang='lat' dir='ltr'><strong>Aristotele,</strong></span> <span class='ocrx_word' id='word_1_113' title='bbox 661 2287 699 2344; x_wconf 91' lang='lat' dir='ltr'><strong>ut</strong></span> <span class='ocrx_word' id='word_1_114' title='bbox 722 2301 763 2344; x_wconf 86' lang='lat' dir='ltr'><strong>ex</strong></span> <span class='ocrx_word' id='word_1_115' title='bbox 786 2279 955 2345; x_wconf 88' lang='lat' dir='ltr'><strong>doctrinae</strong></span> <span class='ocrx_word' id='word_1_116' title='bbox 978 2280 1218 2365; x_wconf 82' lang='lat' dir='ltr'><strong>Pythagoricae</strong></span> <span class='ocrx_word' id='word_1_117' title='bbox 1240 2286 1361 2345; x_wconf 89' lang='lat' dir='ltr'><strong>natura</strong></span> <span class='ocrx_word' id='word_1_118' title='bbox 1377 2280 1521 2344; x_wconf 88' lang='lat' dir='ltr'><strong>efficeret</strong></span> <span class='ocrx_word' id='word_1_119' title='bbox 1543 2302 1614 2345; x_wconf 90' lang='lat' dir='ltr'><strong>non</strong></span> 
     </span>
     <span class='ocr_line' id='line_1_18' title="bbox 452 2386 1614 2472; baseline 0 -21"><span class='ocrx_word' id='word_1_120' title='bbox 452 2387 569 2472; x_wconf 91' lang='lat' dir='ltr'><strong>primis</strong></span> <span class='ocrx_word' id='word_1_121' title='bbox 593 2387 796 2452; x_wconf 88' lang='lat' dir='ltr'><strong>Graecorum</strong></span> <span class='ocrx_word' id='word_1_122' title='bbox 830 2387 1037 2472; x_wconf 88' lang='lat' dir='ltr'><strong>philosophis</strong></span> <span class='ocrx_word' id='word_1_123' title='bbox 1074 2386 1366 2452; x_wconf 90' lang='lat' dir='ltr'><strong>adnumerandum</strong></span> <span class='ocrx_word' id='word_1_124' title='bbox 1398 2407 1469 2452; x_wconf 88' lang='lat' dir='ltr'><strong>esse</strong></span> <span class='ocrx_word' id='word_1_125' title='bbox 1492 2387 1614 2472; x_wconf 88' lang='lat' dir='ltr'><strong>Pytha·</strong></span> 
     </span>
     <span class='ocr_line' id='line_1_19' title="bbox 453 2492 1614 2579; baseline 0.003 -21"><span class='ocrx_word' id='word_1_126' title='bbox 453 2515 579 2578; x_wconf 88' lang='lat' dir='ltr'><strong>goram,</strong></span> <span class='ocrx_word' id='word_1_127' title='bbox 608 2492 666 2558; x_wconf 89' lang='lat' dir='ltr'><strong>sed</strong></span> <span class='ocrx_word' id='word_1_128' title='bbox 689 2493 769 2560; x_wconf 89' lang='lat' dir='ltr'><strong>viris</strong></span> <span class='ocrx_word' id='word_1_129' title='bbox 793 2492 907 2570; x_wconf 72' lang='lat' dir='ltr'><strong>doctis</strong></span> <span class='ocrx_word' id='word_1_130' title='bbox 932 2493 1047 2578; x_wconf 89' lang='lat' dir='ltr'><strong>quales</strong></span> <span class='ocrx_word' id='word_1_131' title='bbox 1071 2501 1166 2559; x_wconf 90' lang='lat' dir='ltr'><strong>erant</strong></span> <span class='ocrx_word' id='word_1_132' title='bbox 1197 2499 1324 2579; x_wconf 88' lang='lat' dir='ltr'><strong>septem</strong></span> <span class='ocrx_word' id='word_1_133' title='bbox 1348 2494 1532 2579; x_wconf 88' lang='lat' dir='ltr'><strong>sapientes:</strong></span> <span class='ocrx_word' id='word_1_134' title='bbox 1557 2506 1614 2561; x_wconf 79' lang='grc' dir='ltr'><strong>καὶ</strong></span> 
     </span>
     <span class='ocr_line' id='line_1_20' title="bbox 452 2593 1615 2700; baseline 0.003 -36"><span class='ocrx_word' id='word_1_135' title='bbox 452 2601 514 2691; x_wconf 75' lang='grc' dir='ltr'><strong>γοῖρ</strong></span> <span class='ocrx_word' id='word_1_136' title='bbox 529 2603 644 2668; x_wconf 72' lang='grc' dir='ltr'><strong><em>ἐκεῖνοι</em></strong></span> <span class='ocrx_word' id='word_1_137' title='bbox 657 2603 800 2688; x_wconf 70' lang='grc' dir='ltr'><strong><em>ἐζήτουν,</em></strong></span> <span class='ocrx_word' id='word_1_138' title='bbox 814 2593 851 2668; x_wconf 75' lang='grc' dir='ltr'><strong>οὗ</strong></span> <span class='ocrx_word' id='word_1_139' title='bbox 862 2613 898 2668; x_wconf 84' lang='grc' dir='ltr'><strong>τί</strong></span> <span class='ocrx_word' id='word_1_140' title='bbox 906 2601 973 2668; x_wconf 69' lang='grc' dir='ltr'><strong><em>ἔστι</em></strong></span> <span class='ocrx_word' id='word_1_141' title='bbox 982 2599 1148 2685; x_wconf 60' lang='lat' dir='ltr'><strong>adradis),</strong></span> <span class='ocrx_word' id='word_1_142' title='bbox 1165 2598 1251 2670; x_wconf 71' lang='grc' dir='ltr'><strong>ἄλλα</strong></span> <span class='ocrx_word' id='word_1_143' title='bbox 1269 2615 1304 2668; x_wconf 83' lang='grc' dir='ltr'><strong>τί</strong></span> <span class='ocrx_word' id='word_1_144' title='bbox 1313 2603 1458 2686; x_wconf 76' lang='grc' dir='ltr'><strong><em>μάλιστα</em></strong></span> <span class='ocrx_word' id='word_1_145' title='bbox 1472 2604 1539 2668; x_wconf 82' lang='grc' dir='ltr'><strong><em>κτλ.</em></strong></span> <span class='ocrx_word' id='word_1_146' title='bbox 1556 2610 1615 2700; x_wconf 77' lang='grc' dir='ltr'><strong>’τῇ</strong></span> 
     </span>
     <span class='ocr_line' id='line_1_21' title="bbox 452 2706 1719 2806; baseline 0.003 -31"><span class='ocrx_word' id='word_1_147' title='bbox 452 2706 588 2806; x_wconf 74' lang='grc' dir='ltr'><strong><em>τοιαύτῃ</em></strong></span> <span class='ocrx_word' id='word_1_148' title='bbox 597 2709 659 2798; x_wconf 71' lang='grc' dir='ltr'><strong>γάρ</strong></span> <span class='ocrx_word' id='word_1_149' title='bbox 669 2719 765 2798; x_wconf 75' lang='grc' dir='ltr'><strong><em>σοφίᾳ</em></strong></span> <span class='ocrx_word' id='word_1_150' title='bbox 774 2712 1090 2796; x_wconf 66' lang='grc' dir='ltr'><strong><em>μετηκολουθηκέυαι</em></strong></span> <span class='ocrx_word' id='word_1_151' title='bbox 1102 2709 1185 2776; x_wconf 77' lang='grc' dir='ltr'><strong><em>ἔοικε</em></strong></span> <span class='ocrx_word' id='word_1_152' title='bbox 1194 2709 1236 2776; x_wconf 67' lang='grc' dir='ltr'><strong>τοὶ</strong></span> <span class='ocrx_word' id='word_1_153' title='bbox 1246 2715 1386 2777; x_wconf 78' lang='grc' dir='ltr'><strong><em>τοιαῦτα</em></strong></span> <span class='ocrx_word' id='word_1_154' title='bbox 1400 2711 1613 2798; x_wconf 69' lang='grc' dir='ltr'><strong><em>οἷκούσματα·</em></strong></span> <span class='ocrx_word' id='word_1_155' title='bbox 1717 2768 1719 2779; x_wconf 89' lang='grc'><strong>,</strong></span> 
     </span>
     <span class='ocr_line' id='line_1_22' title="bbox 453 2807 1617 2906; baseline -0.003 -24"><span class='ocrx_word' id='word_1_156' title='bbox 453 2817 601 2905; x_wconf 80' lang='grc' dir='ltr'><strong><em>πρότεροι</em></strong></span> <span class='ocrx_word' id='word_1_157' title='bbox 639 2818 702 2905; x_wconf 70' lang='lat' dir='ltr'><strong>yolo</strong></span> <span class='ocrx_word' id='word_1_158' title='bbox 740 2807 830 2881; x_wconf 74' lang='grc' dir='ltr'><strong><em>οὗτοι</em></strong></span> <span class='ocrx_word' id='word_1_159' title='bbox 865 2814 1067 2906; x_wconf 70' lang='grc' dir='ltr'><strong><em>Πυθαγόρου</em></strong></span> <span class='ocrx_word' id='word_1_160' title='bbox 1101 2817 1257 2900; x_wconf 72' lang='grc' dir='ltr'><strong><em>ἐγένοντο.</em></strong></span> <span class='ocrx_word' id='word_1_161' title='bbox 1316 2815 1427 2901; x_wconf 85' lang='lat' dir='ltr'><strong>Atque</strong></span> <span class='ocrx_word' id='word_1_162' title='bbox 1461 2815 1617 2880; x_wconf 82' lang='lat' dir='ltr'><strong>firmatur</strong></span> 
     </span>
     <span class='ocr_line' id='line_1_23' title="bbox 453 2909 1616 3008; baseline 0 -23"><span class='ocrx_word' id='word_1_163' title='bbox 453 2921 662 2986; x_wconf 85' lang='lat' dir='ltr'><strong>Aristotelica</strong></span> <span class='ocrx_word' id='word_1_164' title='bbox 684 2921 785 2986; x_wconf 91' lang='lat' dir='ltr'><strong>huius</strong></span> <span class='ocrx_word' id='word_1_165' title='bbox 808 2921 986 3005; x_wconf 77' lang='lat' dir='ltr'><strong>fragmenti</strong></span> <span class='ocrx_word' id='word_1_166' title='bbox 1022 2921 1114 3006; x_wconf 86' lang='lat' dir='ltr'><strong>origo</strong></span> <span class='ocrx_word' id='word_1_167' title='bbox 1148 2927 1332 3000; x_wconf 89' lang='lat' dir='ltr'><strong>auctorum,</strong></span> <span class='ocrx_word' id='word_1_168' title='bbox 1369 2921 1431 3008; x_wconf 86' lang='lat' dir='ltr'><strong>per&#39;</strong></span> <span class='ocrx_word' id='word_1_169' title='bbox 1462 2943 1547 3006; x_wconf 90' lang='lat' dir='ltr'><strong>quos</strong></span> <span class='ocrx_word' id='word_1_170' title='bbox 1571 2909 1616 2986; x_wconf 79' lang='lat' dir='ltr'><strong>ail</strong></span> 
     </span>
     <span class='ocr_line' id='line_1_24' title="bbox 454 3028 1616 3114; baseline 0.002 -22"><span class='ocrx_word' id='word_1_171' title='bbox 454 3050 515 3093; x_wconf 91' lang='lat' dir='ltr'><strong>nos</strong></span> <span class='ocrx_word' id='word_1_172' title='bbox 538 3028 698 3113; x_wconf 77' lang='lat' dir='ltr'><strong>pervenit,</strong></span> <span class='ocrx_word' id='word_1_173' title='bbox 724 3028 889 3094; x_wconf 90' lang='lat' dir='ltr'><strong>scribendi</strong></span> <span class='ocrx_word' id='word_1_174' title='bbox 906 3029 1048 3108; x_wconf 91' lang='lat' dir='ltr'><strong>ratione;</strong></span> <span class='ocrx_word' id='word_1_175' title='bbox 1073 3049 1153 3092; x_wconf 87' lang='lat' dir='ltr'><strong>nam</strong></span> <span class='ocrx_word' id='word_1_176' title='bbox 1177 3050 1286 3114; x_wconf 89' lang='lat' dir='ltr'><strong>neque</strong></span> <span class='ocrx_word' id='word_1_177' title='bbox 1308 3028 1517 3094; x_wconf 78' lang='lat' dir='ltr'><strong>lamblichus</strong></span> <span class='ocrx_word' id='word_1_178' title='bbox 1540 3051 1616 3094; x_wconf 92' lang='lat' dir='ltr'><strong>auc-</strong></span> 
     </span>
     <span class='ocr_line' id='line_1_25' title="bbox 454 3134 1616 3221; baseline 0 -21"><span class='ocrx_word' id='word_1_179' title='bbox 454 3136 533 3201; x_wconf 90' lang='lat' dir='ltr'><strong>toris</strong></span> <span class='ocrx_word' id='word_1_180' title='bbox 567 3157 669 3220; x_wconf 90' lang='lat' dir='ltr'><strong>quem</strong></span> <span class='ocrx_word' id='word_1_181' title='bbox 704 3135 879 3221; x_wconf 86' lang='lat' dir='ltr'><strong>descripsit</strong></span> <span class='ocrx_word' id='word_1_182' title='bbox 912 3134 1015 3202; x_wconf 88' lang='lat' dir='ltr'><strong>verba</strong></span> <span class='ocrx_word' id='word_1_183' title='bbox 1048 3141 1253 3200; x_wconf 89' lang='lat' dir='ltr'><strong>commutare</strong></span> <span class='ocrx_word' id='word_1_184' title='bbox 1288 3134 1423 3214; x_wconf 82' lang='lat' dir='ltr'><strong>solebat,</strong></span> <span class='ocrx_word' id='word_1_185' title='bbox 1459 3142 1498 3200; x_wconf 92' lang='lat' dir='ltr'><strong>ut</strong></span> <span class='ocrx_word' id='word_1_186' title='bbox 1534 3136 1616 3201; x_wconf 90' lang='lat' dir='ltr'><strong>inde</strong></span> 
     </span>
     <span class='ocr_line' id='line_1_26' title="bbox 454 3240 1616 3327; baseline 0.001 -20"><span class='ocrx_word' id='word_1_187' title='bbox 454 3243 568 3320; x_wconf 90' lang='lat' dir='ltr'><strong>elucet,</strong></span> <span class='ocrx_word' id='word_1_188' title='bbox 593 3240 684 3326; x_wconf 94' lang='lat' dir='ltr'><strong>quod</strong></span> <span class='ocrx_word' id='word_1_189' title='bbox 714 3263 792 3307; x_wconf 91' lang='lat' dir='ltr'><strong>cum</strong></span> <span class='ocrx_word' id='word_1_190' title='bbox 814 3242 999 3327; x_wconf 88' lang='lat' dir='ltr'><strong>Porphyrio</strong></span> <span class='ocrx_word' id='word_1_191' title='bbox 1023 3248 1095 3306; x_wconf 86' lang='lat' dir='ltr'><strong>turn</strong></span> <span class='ocrx_word' id='word_1_192' title='bbox 1130 3263 1261 3327; x_wconf 89' lang='lat' dir='ltr'><strong>semper</strong></span> <span class='ocrx_word' id='word_1_193' title='bbox 1293 3242 1395 3308; x_wconf 90' lang='lat' dir='ltr'><strong>verbo</strong></span> <span class='ocrx_word' id='word_1_194' title='bbox 1418 3249 1516 3308; x_wconf 86' lang='lat' dir='ltr'><strong>tenus</strong></span> <span class='ocrx_word' id='word_1_195' title='bbox 1539 3263 1616 3308; x_wconf 91' lang='lat' dir='ltr'><strong>con-</strong></span> 
     </span>
     <span class='ocr_line' id='line_1_27' title="bbox 454 3348 1616 3435; baseline 0 -21"><span class='ocrx_word' id='word_1_196' title='bbox 454 3349 562 3428; x_wconf 85' lang='lat' dir='ltr'><strong>sent&#39;t,</strong></span> <span class='ocrx_word' id='word_1_197' title='bbox 592 3370 670 3420; x_wconf 89' lang='lat' dir='ltr'><strong>cum</strong></span> <span class='ocrx_word' id='word_1_198' title='bbox 704 3355 844 3435; x_wconf 87' lang='lat' dir='ltr'><strong>uterque</strong></span> <span class='ocrx_word' id='word_1_199' title='bbox 879 3349 949 3413; x_wconf 90' lang='lat' dir='ltr'><strong>sine</strong></span> <span class='ocrx_word' id='word_1_200' title='bbox 984 3349 1052 3414; x_wconf 91' lang='lat' dir='ltr'><strong>ulla</strong></span> <span class='ocrx_word' id='word_1_201' title='bbox 1087 3349 1271 3414; x_wconf 87' lang='lat' dir='ltr'><strong>mutatione</strong></span> <span class='ocrx_word' id='word_1_202' title='bbox 1294 3348 1538 3414; x_wconf 85' lang='lat' dir='ltr'><strong>Nicomachum</strong></span> <span class='ocrx_word' id='word_1_203' title='bbox 1562 3371 1616 3414; x_wconf 90' lang='lat' dir='ltr'><strong>ex-</strong></span> 
     </span>
     <span class='ocr_line' id='line_1_28' title="bbox 455 3454 1617 3542; baseline 0.001 -20"><span class='ocrx_word' id='word_1_204' title='bbox 455 3455 595 3542; x_wconf 84' lang='lat' dir='ltr'><strong>scripsit,</strong></span> <span class='ocrx_word' id='word_1_205' title='bbox 619 3462 658 3520; x_wconf 86' lang='lat' dir='ltr'><strong>ut</strong></span> <span class='ocrx_word' id='word_1_206' title='bbox 680 3455 861 3521; x_wconf 89' lang='lat' dir='ltr'><strong>clarissime</strong></span> <span class='ocrx_word' id='word_1_207' title='bbox 885 3455 1126 3522; x_wconf 90' lang='lat' dir='ltr'><strong>demonstravit</strong></span> <span class='ocrx_word' id='word_1_208' title='bbox 1148 3456 1185 3519; x_wconf 86' lang='grc' dir='ltr'><strong>Ε.</strong></span> <span class='ocrx_word' id='word_1_209' title='bbox 1210 3454 1328 3521; x_wconf 88' lang='lat' dir='ltr'><strong>Rohde</strong></span> <span class='ocrx_word' id='word_1_210' title='bbox 1352 3456 1371 3520; x_wconf 92' lang='lat' dir='ltr'><strong>l.</strong></span> <span class='ocrx_word' id='word_1_211' title='bbox 1390 3456 1421 3535; x_wconf 93' lang='lat' dir='ltr'><strong>l.,</strong></span> <span class='ocrx_word' id='word_1_212' title='bbox 1439 3456 1493 3522; x_wconf 90' lang='lat' dir='ltr'><strong>cui</strong></span> <span class='ocrx_word' id='word_1_213' title='bbox 1516 3456 1617 3523; x_wconf 89' lang='lat' dir='ltr'><strong>adsti-</strong></span> 
     </span>
     <span class='ocr_line' id='line_1_29' title="bbox 455 3561 1615 3649; baseline 0.003 -23"><span class='ocrx_word' id='word_1_214' title='bbox 455 3563 590 3648; x_wconf 90' lang='lat' dir='ltr'><strong>pulatur</strong></span> <span class='ocrx_word' id='word_1_215' title='bbox 612 3561 651 3626; x_wconf 82' lang='lat' dir='ltr'><strong>A.</strong></span> <span class='ocrx_word' id='word_1_216' title='bbox 665 3562 793 3642; x_wconf 88' lang='lat' dir='ltr'><strong>Nauck,</strong></span> <span class='ocrx_word' id='word_1_217' title='bbox 818 3563 954 3648; x_wconf 87' lang='lat' dir='ltr'><strong>praelat.</strong></span> <span class='ocrx_word' id='word_1_218' title='bbox 980 3562 1021 3627; x_wconf 87' lang='lat' dir='ltr'><strong>ad</strong></span> <span class='ocrx_word' id='word_1_219' title='bbox 1038 3561 1159 3628; x_wconf 88' lang='lat' dir='ltr'><strong>Jambl.</strong></span> <span class='ocrx_word' id='word_1_220' title='bbox 1184 3585 1215 3628; x_wconf 93' lang='lat' dir='ltr'><strong>v.</strong></span> <span class='ocrx_word' id='word_1_221' title='bbox 1233 3562 1267 3626; x_wconf 92' lang='lat' dir='ltr'><strong>P.</strong></span> <span class='ocrx_word' id='word_1_222' title='bbox 1292 3584 1323 3647; x_wconf 91' lang='lat' dir='ltr'><strong>p.</strong></span> <span class='ocrx_word' id='word_1_223' title='bbox 1342 3562 1429 3642; x_wconf 88' lang='lat' dir='ltr'><strong>LIV,</strong></span> <span class='ocrx_word' id='word_1_224' title='bbox 1454 3569 1487 3628; x_wconf 88' lang='lat' dir='ltr'><strong>et</strong></span> <span class='ocrx_word' id='word_1_225' title='bbox 1508 3566 1615 3649; x_wconf 85' lang='lat' dir='ltr'><strong>prael.</strong></span> 
     </span>
     <span class='ocr_line' id='line_1_30' title="bbox 454 3662 1616 3755; baseline 0.002 -21"><span class='ocrx_word' id='word_1_226' title='bbox 454 3668 497 3734; x_wconf 89' lang='lat' dir='ltr'><strong>ad</strong></span> <span class='ocrx_word' id='word_1_227' title='bbox 520 3662 562 3732; x_wconf 86' lang='lat' dir='ltr'><strong>II.</strong></span> <span class='ocrx_word' id='word_1_228' title='bbox 587 3668 637 3734; x_wconf 89' lang='lat' dir='ltr'><strong>ed.</strong></span> <span class='ocrx_word' id='word_1_229' title='bbox 662 3669 783 3754; x_wconf 88' lang='lat' dir='ltr'><strong>Porph.</strong></span> <span class='ocrx_word' id='word_1_230' title='bbox 808 3692 840 3755; x_wconf 91' lang='lat' dir='ltr'><strong>p.</strong></span> <span class='ocrx_word' id='word_1_231' title='bbox 865 3670 898 3733; x_wconf 90' lang='lat' dir='ltr'>X</span> <span class='ocrx_word' id='word_1_232' title='bbox 922 3692 1005 3755; x_wconf 84' lang='lat' dir='ltr'><strong>sqq,</strong></span> <span class='ocrx_word' id='word_1_233' title='bbox 1037 3690 1147 3753; x_wconf 89' lang='lat' dir='ltr'><strong>neque</strong></span> <span class='ocrx_word' id='word_1_234' title='bbox 1166 3669 1390 3734; x_wconf 89' lang='lat' dir='ltr'><strong>Nicomachus</strong></span> <span class='ocrx_word' id='word_1_235' title='bbox 1414 3670 1616 3750; x_wconf 86' lang='lat' dir='ltr'><strong>Gerasenus,</strong></span> 
     </span>
     <span class='ocr_line' id='line_1_31' title="bbox 455 3774 1617 3861; baseline 0.002 -21"><span class='ocrx_word' id='word_1_236' title='bbox 455 3797 496 3840; x_wconf 90' lang='lat' dir='ltr'><strong>ex</strong></span> <span class='ocrx_word' id='word_1_237' title='bbox 520 3797 586 3861; x_wconf 90' lang='lat' dir='ltr'><strong>quo</strong></span> <span class='ocrx_word' id='word_1_238' title='bbox 610 3775 722 3841; x_wconf 90' lang='lat' dir='ltr'><strong>hausit</strong></span> <span class='ocrx_word' id='word_1_239' title='bbox 736 3775 954 3854; x_wconf 78' lang='lat' dir='ltr'><strong>lamblichus,</strong></span> <span class='ocrx_word' id='word_1_240' title='bbox 978 3776 1049 3861; x_wconf 90' lang='lat' dir='ltr'><strong>ipse</strong></span> <span class='ocrx_word' id='word_1_241' title='bbox 1073 3776 1255 3860; x_wconf 87' lang='lat' dir='ltr'><strong>quicquam</strong></span> <span class='ocrx_word' id='word_1_242' title='bbox 1277 3774 1383 3856; x_wconf 87' lang='lat' dir='ltr'><strong>finxit,</strong></span> <span class='ocrx_word' id='word_1_243' title='bbox 1408 3777 1466 3842; x_wconf 90' lang='lat' dir='ltr'><strong>sed</strong></span> <span class='ocrx_word' id='word_1_244' title='bbox 1489 3777 1617 3842; x_wconf 89' lang='lat' dir='ltr'><strong>librarii</strong></span> 
     </span>
     <span class='ocr_line' id='line_1_32' title="bbox 455 3882 1618 3968; baseline 0.002 -21"><span class='ocrx_word' id='word_1_245' title='bbox 455 3882 554 3947; x_wconf 92' lang='lat' dir='ltr'><strong>modo</strong></span> <span class='ocrx_word' id='word_1_246' title='bbox 578 3903 664 3967; x_wconf 87' lang='lat' dir='ltr'><strong>quae</strong></span> <span class='ocrx_word' id='word_1_247' title='bbox 688 3882 888 3968; x_wconf 87' lang='lat' dir='ltr'><strong>scripserant</strong></span> <span class='ocrx_word' id='word_1_248' title='bbox 909 3882 975 3962; x_wconf 87' lang='lat' dir='ltr'><strong>alii,</strong></span> <span class='ocrx_word' id='word_1_249' title='bbox 1000 3904 1039 3948; x_wconf 89' lang='lat' dir='ltr'><strong>ea</strong></span> <span class='ocrx_word' id='word_1_250' title='bbox 1068 3883 1139 3968; x_wconf 90' lang='lat' dir='ltr'><strong>ipse</strong></span> <span class='ocrx_word' id='word_1_251' title='bbox 1163 3883 1337 3968; x_wconf 90' lang='lat' dir='ltr'><strong>exscripsit</strong></span> <span class='ocrx_word' id='word_1_252' title='bbox 1358 3890 1459 3968; x_wconf 89' lang='lat' dir='ltr'><strong>atque</strong></span> <span class='ocrx_word' id='word_1_253' title='bbox 1493 3885 1540 3949; x_wconf 89' lang='lat' dir='ltr'><strong>ita</strong></span> <span class='ocrx_word' id='word_1_254' title='bbox 1574 3907 1618 3950; x_wconf 91' lang='lat' dir='ltr'><strong>ex</strong></span> 
     </span>
     <span class='ocr_line' id='line_1_33' title="bbox 455 3988 1617 4077; baseline 0.002 -22"><span class='ocrx_word' id='word_1_255' title='bbox 455 3989 682 4075; x_wconf 88' lang='lat' dir='ltr'><strong>compluribus</strong></span> <span class='ocrx_word' id='word_1_256' title='bbox 716 3990 855 4056; x_wconf 87' lang='lat' dir='ltr'><strong>vetustis</strong></span> <span class='ocrx_word' id='word_1_257' title='bbox 884 3988 976 4055; x_wconf 87' lang='lat' dir='ltr'><strong>libris</strong></span> <span class='ocrx_word' id='word_1_258' title='bbox 1009 4011 1136 4056; x_wconf 90' lang='lat' dir='ltr'><strong>novum</strong></span> <span class='ocrx_word' id='word_1_259' title='bbox 1170 3988 1292 4055; x_wconf 90' lang='lat' dir='ltr'><strong>librum</strong></span> <span class='ocrx_word' id='word_1_260' title='bbox 1328 3991 1480 4070; x_wconf 79' lang='lat' dir='ltr'><strong>coniecit,</strong></span> <span class='ocrx_word' id='word_1_261' title='bbox 1513 4013 1617 4077; x_wconf 92' lang='lat' dir='ltr'><strong>quem</strong></span> 
     </span>
     <span class='ocr_line' id='line_1_34' title="bbox 455 4096 1617 4184; baseline 0.001 -21"><span class='ocrx_word' id='word_1_262' title='bbox 455 4097 599 4163; x_wconf 91' lang='lat' dir='ltr'><strong>similem</strong></span> <span class='ocrx_word' id='word_1_263' title='bbox 621 4097 658 4161; x_wconf 90' lang='lat' dir='ltr'><strong>in</strong></span> <span class='ocrx_word' id='word_1_264' title='bbox 692 4096 831 4162; x_wconf 90' lang='lat' dir='ltr'><strong>modum</strong></span> <span class='ocrx_word' id='word_1_265' title='bbox 864 4097 1081 4182; x_wconf 91' lang='lat' dir='ltr'><strong>compilatum</strong></span> <span class='ocrx_word' id='word_1_266' title='bbox 1116 4118 1187 4162; x_wconf 87' lang='lat' dir='ltr'><strong>esse</strong></span> <span class='ocrx_word' id='word_1_267' title='bbox 1210 4104 1291 4181; x_wconf 91' lang='lat' dir='ltr'><strong>puto</strong></span> <span class='ocrx_word' id='word_1_268' title='bbox 1315 4104 1415 4183; x_wconf 90' lang='lat' dir='ltr'><strong>atque</strong></span> <span class='ocrx_word' id='word_1_269' title='bbox 1438 4099 1617 4184; x_wconf 88' lang='lat' dir='ltr'><strong>Porphyrii</strong></span> 
     </span>
     <span class='ocr_line' id='line_1_35' title="bbox 455 4203 1617 4290; baseline 0 -19"><span class='ocrx_word' id='word_1_270' title='bbox 455 4204 561 4271; x_wconf 87' lang='lat' dir='ltr'><strong>vitam</strong></span> <span class='ocrx_word' id='word_1_271' title='bbox 599 4203 855 4289; x_wconf 80' lang='lat' dir='ltr'><strong>Pythagoricum</strong></span> <span class='ocrx_word' id='word_1_272' title='bbox 891 4204 1112 4290; x_wconf 88' lang='lat' dir='ltr'><strong>superstitem,</strong></span> <span class='ocrx_word' id='word_1_273' title='bbox 1152 4225 1219 4289; x_wconf 88' lang='lat' dir='ltr'><strong>qua</strong></span> <span class='ocrx_word' id='word_1_274' title='bbox 1256 4204 1484 4289; x_wconf 85' lang='lat' dir='ltr'><strong>compilatorio</strong></span> <span class='ocrx_word' id='word_1_275' title='bbox 1522 4227 1617 4271; x_wconf 88' lang='lat' dir='ltr'><strong>more</strong></span> 
     </span>
     <span class='ocr_line' id='line_1_36' title="bbox 456 4309 1617 4396; baseline 0.002 -20"><span class='ocrx_word' id='word_1_276' title='bbox 456 4310 623 4396; x_wconf 90' lang='lat' dir='ltr'><strong>modoque</strong></span> <span class='ocrx_word' id='word_1_277' title='bbox 646 4310 833 4396; x_wconf 89' lang='lat' dir='ltr'><strong>complures</strong></span> <span class='ocrx_word' id='word_1_278' title='bbox 856 4317 889 4376; x_wconf 91' lang='lat' dir='ltr'><strong>et</strong></span> <span class='ocrx_word' id='word_1_279' title='bbox 910 4311 996 4376; x_wconf 88' lang='lat' dir='ltr'><strong>inter</strong></span> <span class='ocrx_word' id='word_1_280' title='bbox 1020 4332 1054 4376; x_wconf 91' lang='lat' dir='ltr'><strong>se</strong></span> <span class='ocrx_word' id='word_1_281' title='bbox 1077 4309 1294 4378; x_wconf 88' lang='lat' dir='ltr'><strong>diversissimi</strong></span> <span class='ocrx_word' id='word_1_282' title='bbox 1317 4317 1467 4377; x_wconf 89' lang='lat' dir='ltr'><strong>auctores</strong></span> <span class='ocrx_word' id='word_1_283' title='bbox 1498 4314 1617 4378; x_wconf 89' lang='lat' dir='ltr'><strong>exscri-</strong></span> 
     </span>
     <span class='ocr_line' id='line_1_37' title="bbox 456 4416 1723 4514; baseline 0.002 -30"><span class='ocrx_word' id='word_1_284' title='bbox 456 4418 592 4497; x_wconf 92' lang='lat' dir='ltr'><strong>buntur,</strong></span> <span class='ocrx_word' id='word_1_285' title='bbox 632 4416 690 4482; x_wconf 92' lang='lat' dir='ltr'><strong>sed</strong></span> <span class='ocrx_word' id='word_1_286' title='bbox 728 4439 906 4503; x_wconf 88' lang='lat' dir='ltr'><strong>nunquam</strong></span> <span class='ocrx_word' id='word_1_287' title='bbox 949 4418 1158 4503; x_wconf 88' lang='lat' dir='ltr'><strong>singulorum</strong></span> <span class='ocrx_word' id='word_1_288' title='bbox 1196 4423 1371 4484; x_wconf 89' lang='lat' dir='ltr'><strong>auctorum</strong></span> <span class='ocrx_word' id='word_1_289' title='bbox 1408 4419 1617 4486; x_wconf 87' lang='lat' dir='ltr'><strong>narrationes</strong></span> <span class='ocrx_word' id='word_1_290' title='bbox 1722 4499 1723 4514; x_wconf 12' lang='grc' dir='ltr'>χ</span> 
     </span>
     <span class='ocr_line' id='line_1_38' title="bbox 457 4524 1617 4604; baseline 0.001 -13"><span class='ocrx_word' id='word_1_291' title='bbox 457 4525 728 4591; x_wconf 87' lang='lat' dir='ltr'><strong>contaminantur</strong></span> <span class='ocrx_word' id='word_1_292' title='bbox 752 4563 791 4572; x_wconf 68' lang='lat'><strong>..„</strong></span> <span class='ocrx_word' id='word_1_293' title='bbox 816 4526 856 4590; x_wconf 82' lang='lat' dir='ltr'><strong>cf.</strong></span> <span class='ocrx_word' id='word_1_294' title='bbox 894 4524 1021 4604; x_wconf 85' lang='lat' dir='ltr'><strong>Rohde,</strong></span> <span class='ocrx_word' id='word_1_295' title='bbox 1057 4525 1143 4590; x_wconf 88' lang='lat' dir='ltr'><strong>Mus.</strong></span> <span class='ocrx_word' id='word_1_296' title='bbox 1179 4525 1285 4590; x_wconf 83' lang='lat' dir='ltr'><strong>Rhen.</strong></span> <span class='ocrx_word' id='word_1_297' title='bbox 1323 4525 1449 4604; x_wconf 90' lang='lat' dir='ltr'><strong>XXVI,</strong></span> <span class='ocrx_word' id='word_1_298' title='bbox 1481 4526 1617 4593; x_wconf 89' lang='lat' dir='ltr'>XXVII</span> 
     </span>
     <span class='ocr_line' id='line_1_39' title="bbox 458 4631 1617 4728; baseline 0.001 -27"><span class='ocrx_word' id='word_1_299' title='bbox 458 4633 606 4728; x_wconf 83' lang='lat' dir='ltr'><strong>saepius3</strong></span> <span class='ocrx_word' id='word_1_300' title='bbox 632 4631 750 4698; x_wconf 88' lang='lat' dir='ltr'><strong>Nauck</strong></span> <span class='ocrx_word' id='word_1_301' title='bbox 773 4632 792 4697; x_wconf 93' lang='lat' dir='ltr'><strong>l.</strong></span> <span class='ocrx_word' id='word_1_302' title='bbox 817 4632 837 4698; x_wconf 92' lang='lat' dir='ltr'><strong>l.</strong></span> <span class='ocrx_word' id='word_1_303' title='bbox 862 4655 893 4720; x_wconf 92' lang='lat' dir='ltr'><strong>p.</strong></span> <span class='ocrx_word' id='word_1_304' title='bbox 918 4631 1003 4699; x_wconf 89' lang='lat' dir='ltr'>LIV.</span> <span class='ocrx_word' id='word_1_305' title='bbox 1033 4632 1103 4700; x_wconf 89' lang='lat' dir='ltr'><strong>LV.</strong></span> <span class='ocrx_word' id='word_1_306' title='bbox 1122 4669 1163 4680; x_wconf 89' lang='lat'>—</span> <span class='ocrx_word' id='word_1_307' title='bbox 1187 4632 1277 4698; x_wconf 86' lang='lat' dir='ltr'><strong>Inter</strong></span> <span class='ocrx_word' id='word_1_308' title='bbox 1293 4632 1487 4700; x_wconf 88' lang='lat' dir='ltr'><strong>Nicomachi</strong></span> <span class='ocrx_word' id='word_1_309' title='bbox 1503 4641 1617 4702; x_wconf 87' lang='lat' dir='ltr'><strong>autern</strong></span> 
     </span>
    </p>
   </div>
   <div class='ocr_carea' id='block_1_3' title="bbox 0 0 1757 5584">
    <p class='ocr_par' dir='ltr' id='par_1_4' title="bbox 0 0 1757 5584">
     <span class='ocr_line' id='line_1_40' title="bbox 0 0 1757 5584; baseline 0 0"><span class='ocrx_word' id='word_1_310' title='bbox 0 0 1757 5584; x_wconf 95' lang='lat' dir='ltr'><strong> </strong></span> 
     </span>
    </p>
   </div>
  </div>
 </body>
</html>
