3488 5584
914 399 1128 466 ,22-

438 598 668 686 Pythagoricis
702 597 826 663 librum
858 596 1070 664 Aristotelem
1105 595 1285 682 scripsisse,
1321 594 1379 661 sed
1413 595 1528 661 multis
1563 592 1605 660 de

439 706 547 773 causis
563 705 777 772 verisimilius
794 711 843 770 est
858 705 945 770 hanc
961 704 1002 769 de
1021 703 1180 790 symbolis
1197 702 1458 789 disputationem
1474 708 1605 789 partem

438 813 493 880 vel
527 819 627 900 caput
661 812 763 878 luisse
799 812 970 898 amplioris
1005 811 1123 897 operis,
1160 810 1251 896 quod
1286 810 1326 875 de
1361 810 1463 876 totius
1498 815 1605 875 sectae

438 920 680 1008 Pythagoricae
695 920 834 985 historia
857 926 889 984 et
904 919 1055 984 doctrina
1079 917 1274 1004 conscripsit
1289 917 1493 997 Aristotelea,
1510 918 1605 982 cuius

440 1027 548 1113 operis
572 1026 688 1092 titulus
708 1027 826 1106 Besae,
851 1025 1000 1104 Rohdeo,
1018 1025 1144 1090 Zellero
1168 1025 1271 1089 fuisse
1295 1023 1428 1091 videtur
1450 1034 1524 1115 περὶ
1539 1025 1606 1092 τοῖν

439 1143 686 1221 Πυθαγορείων.
711 1172 755 1180 -
778 1133 884 1198 Zeller
906 1132 932 1212 I,
960 1130 1014 1212 1⁵,
1039 1133 1114 1211 280,
1142 1132 1176 1210 l;
1201 1131 1244 1210 II,
1269 1129 1325 1210 22,
1351 1133 1393 1197 65
1417 1153 1465 1217 sq.
1491 1169 1535 1180 —-

546 1241 613 1318 uui
637 1240 720 1307 liber
744 1247 858 1306 utrum
881 1246 968 1306 recte
991 1239 1160 1305 Aristoteli
1184 1238 1350 1304 tribuatur
1373 1277 1414 1286 -
1436 1260 1540 1324 quam
1563 1238 1606 1304 ad

440 1349 640 1414 sententiam
663 1369 850 1434 propensus
874 1353 923 1412 est
945 1346 1052 1413 Zeller
1075 1385 1116 1393 —-
1136 1368 1180 1412 an
1204 1347 1243 1426 ei,
1268 1344 1303 1410 id
1327 1346 1418 1432 quod
1441 1346 1481 1412 V.
1507 1347 1605 1426 Rose,

440 1455 567 1536 Rohde‚
597 1454 652 1521 alii
672 1443 899 1534 contendunt,
929 1454 1172 1521 abiudicandus
1197 1454 1248 1537 sit,
1272 1475 1382 1539 neque
1406 1461 1534 1518 certum
1558 1461 1607 1519 est

439 1585 550 1649 neque
573 1563 673 1628 ullius
697 1564 765 1628 fere
796 1562 967 1641 momenti,
997 1563 1025 1626 si
1058 1583 1138 1627 vera
1170 1567 1220 1626 est
1253 1561 1402 1627 virorum
1433 1560 1607 1626 doctorum

440 1669 553 1756 opinio
587 1670 813 1754 conscriptum
845 1691 915 1734 esse
947 1669 1071 1733 librum
1103 1680 1178 1759 περὶ
1208 1675 1275 1737 τοῖν
1298 1676 1547 1760 Πυθαγορείων,
1579 1670 1607 1733 si

368 1853 371 1860 Ι
440 1798 509 1841 non
533 1775 575 1842 ab
598 1777 671 1863 ipso
694 1776 880 1854 Aristotele,
910 1781 1023 1840 tamen
1052 1781 1139 1840 certe
1164 1797 1184 1840 a
1213 1775 1428 1864 peripatetico
1460 1775 1607 1860 quodam

440 1883 627 1950 Aristotelis
652 1889 684 1949 et
706 1889 812 1948 aetate
837 1887 869 1947 et
892 1881 1058 1947 scribendi
1081 1883 1218 1948 ratione.

547 1990 750 2076 Fragmenta
784 1989 1003 2067 Aristotelica,
1044 1989 1167 2076 quibus
1205 1995 1377 2055 acusmata
1413 1995 1608 2070 tractantur,

439 2120 509 2163 uua
543 2118 620 2162 cum
654 2097 850 2183 fragmentis
886 2095 961 2162 libri
998 2108 1073 2187 περὶ
1106 2105 1172 2165 τῶν
1207 2105 1445 2187 Πυθαγορείων
1477 2097 1609 2184 collegit

442 2205 483 2271 V.
501 2205 589 2269 Rose
612 2204 648 2268 in
664 2205 929 2289 fragmentorum
945 2203 1114 2269 Aritotelis
1131 2202 1341 2282 editionibus,
1367 2225 1510 2288 quarum
1524 2211 1611 2270 ‘utor

441 2319 474 2377 et
496 2310 672 2376 Aristotele
695 2310 987 2396 pseudepigrapha
1010 2350 1053 2357 —
1076 2311 1166 2397 Lips.
1194 2311 1278 2376 1863
1303 2349 1345 2361 -
1370 2317 1403 2375 et
1425 2311 1610 2378 novissima

441 2419 707 2504 fragmentorum
738 2416 929 2482 collectione
956 2455 994 2464 -
1018 2418 1107 2503 Lips.
1137 2418 1220 2483 1886
1245 2456 1299 2493 -,
1324 2439 1411 2503 quae
1439 2439 1478 2483 ea
1507 2419 1544 2483 in
1574 2441 1609 2484 re

444 2547 548 2612 quam
571 2530 752 2590 tractamus
776 2525 882 2589 multo
906 2524 1039 2590 brevior
1061 2531 1094 2589 et
1116 2525 1244 2590 cautior
1267 2510 1395 2590 est'illa
1411 2525 1608 2612 antiquiore.

548 2632 714 2698 Numeros
727 2633 828 2697 huius
842 2631 996 2697 editionis
1008 2632 1104 2697 uncis
1117 2632 1263 2698 inclusos
1277 2633 1426 2697 numeris
1438 2633 1474 2698 in
1487 2633 1610 2700 Aristo·

442 2740 505 2805 tele
529 2739 821 2826 pseudepigrapho
845 2738 1003 2804 adhibitis
1027 2738 1158 2804 addam.
1206 2739 1258 2804 Ita
1281 2746 1393 2804 autem
1424 2740 1611 2826 colligenda

444 2853 523 2912 sunt
539 2853 571 2911 et
586 2846 760 2911 tractanda
771 2845 957 2911 Aristotelis
973 2847 1162 2932 fragmenta
1174 2846 1216 2911 ad
1232 2854 1404 2914 acusmata
1415 2849 1609 2933 spectantia,

442 2961 480 3018 ut
502 2953 703 3039 incipiamus
728 2951 770 3018 ab
795 2953 851 3032 eis,
881 2974 967 3038 quae
991 2953 1191 3018 nominatim
1214 2954 1383 3020 Aristoteli
1406 2953 1609 3034 tribuuntur,

443 3060 566 3147 quibus
582 3059 760 3125 asserenda
777 3067 856 3125 sunt
870 3061 1067 3145 fragmenta,
1082 3060 1205 3146 quibus
1222 3083 1290 3126 non
1306 3060 1459 3126 additum
1471 3062 1610 3148 quidem

443 3174 493 3233 est
515 3167 700 3232 Aristotelis
724 3189 858 3246 nomen,
884 3167 942 3232 sed
966 3167 1037 3232 sine
1067 3167 1136 3232 ulla
1166 3168 1373 3234 dubitatione
1397 3168 1608 3249 addendum;

443 3281 610 3361 postremo
634 3274 705 3340 loco
729 3296 829 3361 agam
853 3274 893 3339 de
916 3275 1113 3361 fragmentis
1130 3273 1300 3342 Aristoteli
1322 3276 1406 3342 falso
1429 3299 1474 3342 m.
1499 3300 1555 3363 qu.
1579 3300 1607 3342 0.

443 3405 463 3448 a
485 3382 565 3450 viris
590 3381 694 3447 doctis
717 3380 859 3447 tributis.

1013 3579 1028 3642 1

548 3702 773 3769 Nicomachus
806 3703 897 3790 apud
919 3704 1041 3771 lambi.
1065 3727 1096 3770 v.
1122 3703 1158 3768 Ρ.
1183 3703 1225 3768 31
1260 3702 1310 3769 ed.
1335 3704 1454 3770 Nauck
1489 3743 1532 3750 —
1567 3707 1606 3771 cf.

443 3809 670 3892 Rohde,‚Mus.
684 3811 792 3876 Rhen.
803 3810 946 3890 XXVII,
956 3812 999 3874 44
1012 3850 1054 3858 -
1064 3810 1174 3898 (Arist.
1189 3833 1237 3897 ps.
1252 3812 1272 3876 3
1289 3811 1386 3899 [litfll
1398 3813 1497 3878 refert
1506 3813 1607 3878 haec:

444 3926 564 4010 ἱστορεῖ
586 3921 623 3986 δὲ
638 3921 851 4009 Ἀριστοτέλης
865 3921 902 3987 ἔν
918 3937 981 3992 τοῖς
997 3927 1145 4010 περὶτῆς
1163 3923 1397 4009 Πυθαγορικῆς
1419 3924 1608 4008 φιλοσοφίας

444 4030 602 4116 διαίρεσιν
613 4053 688 4093 τινα
706 4024 837 4094 τοιάνδε
854 4024 919 4095 vind
933 4031 1000 4094 τῶν
1017 4027 1148 4115 α’νδρῶν
1163 4027 1199 4091 ἐν
1211 4043 1277 4107 τοῖς
1300 4029 1391 4094 πάνυ
1414 4020 1608 4117 α’ποῤῥήτοις

444 4135 755 4219 διαφυλάττεσθαι·
784 4141 842 4202 τοῦ
877 4133 1004 4218 λογικοῦ
1034 4135 1116 4225 ζῴου
1139 4135 1174 4200 τδ
1198 4145 1260 4219 μέν
1282 4135 1349 4200 ἔστι
1384 4137 1473 4218 θοός,
1506 4137 1543 4202 τδ
1573 4136 1609 4204 δὲ

445 4242 633 4331 ἄνθρωπος,
670 4242 706 4307 τδ
731 4243 766 4308 δὲ
791 4241 858 4308 οἷον
882 4243 1097 4330 Πυθαγόρας,
1132 4241 1163 4306 h.
1190 4261 1217 4305 e.
1242 4241 1277 4304 in
1311 4241 1501 4327 Pythagora
1535 4263 1608 4308 con-

443 4347 593 4412 iunctam
627 4347 731 4412 fuisse
755 4346 907 4413 divinam
930 4369 1008 4413 cum
1043 4349 1195 4413 humana
1229 4354 1358 4428 natura,
1383 4349 1609 4435 Pythagoram

445 4453 597 4519 medium
620 4454 792 4539 quendam
815 4455 926 4521 locum
949 4455 1096 4522 tenuisse
1119 4455 1205 4521 inter
1228 4455 1307 4521 deos
1331 4463 1363 4520 et
1385 4456 1547 4522 homines

550 4561 679 4628 Eadem
702 4562 867 4628 sententia
898 4563 984 4628 redit
1007 4602 1048 4610 —
1072 4562 1223 4650 ἄκουσμα
1255 4563 1429 4630 nominata
1451 4602 1494 4613 -—
1517 4565 1608 4651 apud

307 5330 722 5560 [Ἰ
