3488 5584
630 453 828 520 ..9-

141 650 341 742 ἀνθρώπων
375 653 520 739 μάλιστα
555 649 700 726 πάντων,
740 663 796 718 καῖ
834 647 1059 737 (ἐκλεξάμενος
1093 648 1218 727 ταύτας
1251 643 1310 723 τας

140 763 336 849 συγγραφάς
357 797 398 806 -
415 759 536 824 rectius
559 759 643 823 mihi
666 757 798 825 videtur
810 759 983 844 Gompera,
1009 753 1311 840 Sitzungsberichte

141 868 208 933 der
231 868 338 933 Wieu.
363 865 470 931 Akad.
495 866 571 931 hist.
596 865 687 950 phil·
706 866 806 930 class.
835 866 929 944 1887,
970 865 1052 930 1003
1086 863 1200 928 omnia
1228 862 1311 926 haec

142 975 254 1042 verba
276 974 445 1040 Heraclito
470 972 670 1051 abiudicare,
695 995 797 1058 quam
821 973 936 1051 Zeller‚
962 970 1150 1056 Sitzungsb.
1176 970 1206 1034 d.
1224 968 1309 1033 Berl.

140 1081 254 1146 Akad.
268 1081 362 1159 1889,
376 1081 439 1145 986
455 1102 515 1166 pro
532 1081 659 1159 ταῦτας
670 1076 731 1159 τοὶς
744 1081 928 1168 συγγραφάς
940 1078 1139 1144 substituere
1152 1073 1312 1161 carica-¹)

141 1191 300 1277 ἐποίησεν
322 1193 443 1257 ἑωυτοῦ
468 1201 588 1275 σοφίην,
615 1191 837 1274 πολυμαθίαν,
868 1199 1086 1274 κακοτεχνίην.
1119 1181 1244 1250 Probro
1259 1183 1312 1248 his

141 1295 249 1362 vertit
272 1295 461 1361 Heraclitus
478 1294 696 1380 Pythagorae,
721 1293 812 1378 quod
832 1294 870 1371 is,
895 1293 953 1378 qui
969 1293 1121 1364 omnium
1136 1291 1312 1356 hominum

141 1403 296 1468 maxime
320 1401 520 1466 exercuisset
543 1399 661 1480 studia,
694 1422 735 1465 ex
758 1402 805 1465 eis
828 1401 960 1467 fecisset
983 1399 1190 1486 sapientiam,
1226 1417 1312 1483 quae

141 1531 286 1576 revera
320 1515 406 1574 esset
429 1512 633 1595 πολυμαθία,
659 1522 854 1593 κακοτεχνίη.
903 1508 997 1583 Quae
1026 1505 1129 1572 verba
1152 1503 1234 1590 quid
1269 1504 1308 1568 si·
1360 1581 1365 1591 .

142 1617 308 1703 gnificent
331 1615 373 1681 ab
397 1614 566 1681 Heraclito
590 1622 758 1701 usurpata,
797 1615 903 1680 elucet
926 1636 966 1679 ex
989 1614 1050 1698 irg.
1078 1613 1161 1691 1243
1186 1611 1314 1675 deridet

147 1724 241 1789 enim
277 1723 466 1788 Heraclitus
502 1721 691 1806 religiosam
725 1722 933 1808 Pythagorae
976 1721 1161 1786 doctrinam
1194 1758 1237 1766 —
1271 1719 1311 1782 cl.
1340 1783 1341 1786 ,

145 1831 256 1896 Zeller
277 1830 299 1895 l.
313 1830 333 1894 l.
373 1829 501 1908 Rohde,
526 1829 570 1893 Μ.
584 1829 691 1894 Rhen.
707 1828 834 1906 XXVI,
858 1829 922 1894 557
945 1852 1004 1908 -;
1030 1848 1050 1892 a
1072 1825 1314 1892 mathematicis

146 1959 228 2004 vero
264 1937 359 2002 aliter
393 1936 557 2023 explicata
592 1943 679 2014 sunt,
714 1958 794 2000 nam
829 1957 906 2000 cum
940 1936 1053 2021 ipsum
1088 1934 1313 2020 Pythagoram

145 2046 340 2132 μαθήματα
374 2043 525 2108 docuisse
559 2049 591 2108 et
625 2049 781 2128 putarent
816 2049 848 2108 et
882 2043 1109 2108 demonstrare
1144 2045 1312 2127 cuperent,

147 2151 312 2217 Heracliti
335 2148 512 2236 opprobrio
536 2149 880 2215 notariorediderunt
903 2149 1174 2214 mathematicam
1195 2146 1314 2234 Pytha-

147 2280 252 2344 gorae
276 2257 450 2323 scientiam
474 2263 506 2321 et
530 2261 671 2347 ἱστορίαν
686 2257 893 2342 Pythagorae
918 2256 960 2321 ab
980 2255 1149 2320 Heraclito
1174 2253 1315 2338 adscrip-

149 2373 219 2431 tam
243 2364 334 2432 lacili
357 2370 689 2449 erroreacceperunt
711 2386 770 2450 pro
793 2362 984 2451 μαθήμασι,
1013 2361 1204 2449 μαθήματα
1237 2383 1315 2425 vero

150 2473 197 2538 eis
222 2477 318 2537 erant
339 2485 515 2562 γεωμετρία
540 2476 620 2550 etc.;
659 2471 838 2540 vocabatur
868 2471 970 2556 igitur
1001 2483 1178 2557 γεωμετρία
1203 2489 1315 2532 secun-

151 2580 235 2645 dum
273 2579 482 2644 Heraclitum
520 2599 540 2643 a
577 2579 767 2665 Pythagora
806 2585 939 2668 ἱστορία.
1010 2578 1121 2653 Quare
1155 2573 1316 2640 Heracliti

151 2687 349 2752 auctoritate
393 2686 540 2751 constitit
573 2685 799 2771 Pythagoram
836 2686 987 2750 docuisse
1021 2686 1211 2772 μαθήματα
1241 2681 1261 2745 i.
1288 2703 1313 2746 e.
1413 2743 1416 2750 .

151 2805 353 2885 γεωμετρίαν
387 2799 446 2858 etc.
510 2793 563 2858 Sic
599 2792 784 2858 Aristotelis
817 2793 994 2858 auctoritas
1029 2790 1189 2856 Heracliti
1230 2788 1316 2853 testi-

151 2901 266 2966 monio
302 2900 473 2965 debilitata
506 2899 691 2966 ridebatur.
751 2901 802 2964 Ex
837 2901 872 2964 L.
909 2900 949 2964 D.
987 2899 1078 2977 VIII,
1109 2901 1128 2963 6
1163 2896 1316 2963 videmus

153 3008 272 3074 eodem
304 3007 465 3073 Heracliti
501 3009 688 3092 fragmento
721 3029 798 3072 usos
832 3028 902 3072 esse
934 3006 1084 3070 falsarios
1114 3005 1243 3089 aliquos
1273 3039 1316 3050 -

152 3116 250 3180 tertio
284 3121 362 3180 ante
393 3114 467 3179 Chr.
500 3137 532 3178 n.
559 3115 699 3192 saeculo,
735 3115 775 3179 cl.
807 3113 909 3192 Diels,
940 3112 1065 3178 Archiv
1093 3113 1114 3176 l.
1141 3110 1258 3176 Gesch.
1285 3109 1315 3174 d.

152 3222 237 3287 Phil.
264 3221 323 3302 III,
349 3221 412 3287 451
438 3243 509 3307 sqq.
536 3260 592 3300 —,
626 3227 663 3286 ut
685 3221 777 3286 libris
801 3221 869 3286 suis
893 3221 1100 3306 Pythagorae
1132 3217 1318 3283 substitutis

153 3329 331 3394 -ionica
355 3328 493 3394 dialecto
518 3328 723 3414 conscriptio,
748 3329 787 3393 cl.
814 3328 905 3393 Diels
931 3365 971 3374 -—
1001 3327 1102 3391 fidem
1126 3332 1158 3390 et
1180 3323 1317 3389 auctori·

153 3442 258 3502 tatem
282 3435 460 3516 adderent;
485 3457 569 3500 num
593 3435 738 3500 adhunc
761 3434 882 3499 librum
909 3433 1021 3498 redeat
1032 3432 1212 3498 Heraclitei
1234 3433 1317 3515 frag-

153 3543 260 3609 menti
297 3542 472 3628 explicatio
507 3542 754 3606 aNicomacho
785 3548 925 3618 servata,
961 3540 1094 3606 difficile
1129 3546 1178 3604 est
1210 3539 1316 3616 dictu3

154 3649 369 3715 intercedunt
391 3641 483 3714 haud
506 3648 606 3714 dubie
630 3649 811 3713 nonnullae
835 3648 1070 3713 similitudines
1093 3647 1179 3710 inter
1194 3652 1318 3710 utrum-

155 3779 221 3843 que
245 3762 425 3835 auctorem,
461 3777 542 3820 nam
565 3755 717 3820 similiter
739 3761 840 3840 atque
864 3755 1177 3820 mathematicorum
1201 3752 1318 3838 princi-

154 3870 254 3950 patus
283 3863 446 3942 delensor,
480 3867 615 3950 φυσικοῦ
638 3863 726 3938 illius
757 3865 1003 3950 συγγράμματος
1038 3866 1153 3927 auctor
1188 3873 1334 3925 summa

155 3993 232 4037 cum
264 3971 476 4038 vehementia
506 3991 602 4036 suam
633 3970 793 4034 Heracliti
824 3969 1130 4054 interpretationem
1154 3967 1317 4032 defendit:

154 4080 361 4167 Ἡράκλειτος
384 4085 463 4162 γοῦν
487 4081 504 4145 ὅ
517 4079 647 4165 φυσικός
669 4089 840 4164 μονονουχὶ
863 4089 996 4164 κέκραγε
1019 4089 1079 4142 καί
1090 4097 1163 4162 φησι
1187 4078 1251 4141 κτλ.
1276 4110 1320 4120 -

157 4186 249 4251 Diels
273 4185 338 4250 452
361 4191 452 4250 —et
475 4184 615 4250 similem
641 4183 677 4247 in
700 4183 840 4248 modum
856 4189 1129 4268 argumentorum
1144 4181 1321 4266 penuriam

159 4293 303 4358 occultat
326 4292 583 4359 asseveratione:
608 4293 647 4359 orl
668 4315 716 4374 μα
739 4292 797 4359 τὸν
821 4290 913 4378 clepa,
938 4292 995 4357 cdv
1020 4293 1186 4368 οἷναπνέω,
1211 4282 1249 4358 od
1271 4318 1319 4375 μα

158 4398 195 4468 cd
220 4398 316 4485 iidoc,
345 4399 381 4466 τὸ
407 4412 501 4475 πίνω,
536 4397 641 4467 οὔκοτ’
676 4436 716 4443 -
740 4395 840 4482 {Diels
864 4398 928 4462 453
953 4433 991 4443 —
1019 4405 1093 4464 οἴσω
1118 4398 1224 4490 ψόγον
1247 4409 1321 4485 περὶ

159 4504 334 4590 τοῦλόγου
357 4510 468 4586 τοῦδε;
498 4505 556 4571 sed
590 4505 653 4570 hac
688 4526 729 4570 ex
753 4526 787 4569 re
811 4505 869 4570 vix
893 4503 1089 4569 concludere
1124 4503 1200 4569 licet
1234 4504 1321 4567 inter

160 4635 195 4679 se
206 4615 381 4680 cohaerere
394 4612 587 4679 Nicomachi
604 4618 783 4690 auctorem,
801 4612 859 4696 qui
883 4633 924 4675 ex
936 4611 1097 4675 Heracliti
1124 4611 1234 4676 verbis
1258 4609 1321 4674 sibi
