3488 5584
655 437 852 503 ..7-

167 637 256 698 esset
293 631 506 719 philosophia
541 632 770 720 Pythagorica,
814 655 883 700 non
921 635 989 700 iam
1029 634 1100 700 sola
1134 633 1330 720 disciplinae

167 741 296 806 ratione
337 739 536 805 differebant
564 741 758 807 acusmatioi
787 763 808 806 a
839 742 1092 821 mathematicis,
1138 741 1197 808 sad
1227 741 1327 807 otiam

95 869 104 886 ·
167 845 364 932 disciplinae
378 847 534 927 materia;
553 847 764 934 philosophia
779 849 870 914 enim
879 849 1100 935 Pythagorica
1115 849 1193 914 solis
1205 849 1329 914 mathe-

166 953 299 1020 maticis
333 953 468 1040 patebat
502 961 535 1020 et
567 960 647 1020 nota
682 961 766 1034 erat;
803 976 919 1021 omnes
953 976 1032 1021 vero
1073 956 1330 1022 continebantur

167 1060 287 1126 eadem
309 1061 415 1128 vitam
437 1060 579 1147 degendi
603 1061 730 1127 ratione
754 1083 774 1127 a
796 1062 988 1148 Pythagora
1009 1063 1163 1128 instituta
1185 1045 1344 1148 ideoque'

167 1189 286 1233 omnes
309 1167 461 1234 colebant
494 1174 704 1234 acusmatum
736 1175 921 1255 praecepta,
956 1168 1079 1255 quibus
1102 1171 1330 1259 Πυθαγόρειος

166 1273 288 1366 τρόπος
310 1278 366 1344 τοῦ
389 1281 463 1356 βίον
487 1274 671 1361 regebatur.

276 1417 362 1484 Cum
396 1439 474 1484 vero
501 1418 575 1504 ipsa
609 1418 747 1484 societas
770 1418 990 1504 Pythagorica
1016 1418 1232 1504 periisset-
1254 1418 1275 1483 i.
1301 1439 1328 1483 e.

167 1529 244 1611 post
266 1523 457 1590 Aristoxeni
480 1531 639 1602 auctores,
664 1524 893 1610 Xenophilum
916 1530 995 1604 etc.;
1020 1525 1060 1590 ci.
1077 1525 1208 1611 Menag.
1233 1525 1276 1590 ad
1291 1525 1327 1590 L.

168 1632 210 1696 D.
243 1631 355 1697 adnot.
392 1630 441 1696 ed.
470 1631 614 1696 Hiibner
636 1630 668 1695 Π
691 1654 722 1718 p.
748 1631 813 1696 342
836 1651 879 1680 ι
902 1653 1012 1717 neque
1047 1632 1115 1696 iam
1139 1631 1328 1710 discrimen,

169 1737 263 1824 quod
274 1739 460 1804 intercessit
472 1739 559 1803 inter
575 1744 747 1804 acusmata
759 1745 792 1804 et
803 1739 1050 1824 philosophiam
1063 1738 1329 1824 Pythagoricam,

170 1846 394 1912 occultaretur
416 1845 486 1912 sive
510 1852 765 1932 componeretur
788 1845 959 1911 communi
989 1845 1095 1912 vitam
1117 1845 1261 1931 degendi
1284 1867 1331 1910 ra·

131 1981 133 1986 ·
167 1953 269 2032 tione,
294 1952 358 2019 viri
381 1952 477 2032 docti,
508 1953 566 2038 qui
597 1951 761 2017 societatis
792 1952 966 2018 historiam
993 1957 1228 2031 tractaverunt,
1252 1973 1331 2017 cum

168 2059 379 2146 Pythagorae
410 2058 576 2145 adscripta
605 2058 758 2126 viderent
788 2066 965 2146 praecepta
994 2081 1164 2144 nusquam
1187 2059 1274 2124 inter
1297 2081 1331 2124 se

168 2165 390 2245 cohaerentia,
424 2171 596 2231 acusmata
630 2165 754 2232 scilicet
788 2187 828 2231 ex
859 2165 1013 2252 religiosa
1042 2172 1075 2231 et
1104 2166 1332 2251 superstitiosa

169 2273 300 2358 origine
337 2272 517 2358 repetenda
551 2279 583 2338 et
624 2273 871 2359 philosophiam
913 2272 1178 2359 Pythagoricam,
1213 2269 1332 2338 studiis

167 2379 418 2445 mathematicis
441 2385 474 2445 et
503 2380 702 2465 cogitatione
737 2379 968 2466 philosophica
1002 2379 1235 2465 conquisitam,
1271 2379 1332 2445 has

168 2487 280 2553 varias
304 2486 472 2552 doctrinas
503 2485 749 2552 distribuendas
785 2508 855 2552 esse
890 2492 1094 2572 putaverunt
1127 2487 1214 2551 inter
1248 2486 1332 2551 duas

168 2593 457 2680 Pythagoreorum
479 2592 600 2659 classes
623 2593 764 2680 ideoque
781 2600 953 2660 acusmata
967 2593 1217 2678 adscripserunt
1240 2613 1331 2659 acus-

168 2701 310 2780 maticis,
335 2699 582 2786 philosophiam
605 2700 862 2786 Pythagoricam
885 2700 1138 2780 mathematicis,
1163 2701 1331 2788 ‘pathmos'

168 2828 297 2886 vocem,
322 2807 476 2894 primitus
500 2814 694 2894 usurpatam
719 2807 760 2873 de
783 2807 971 2893 cognitione
1000 2808 1080 2886 (scil.
1099 2806 1330 2895 acusmatum),

167 2915 381 3001 peculiariter
402 2920 603 3001 usurpantes
626 2914 667 2979 de
691 2914 809 2980 studiis
832 2912 1121 3001 mathematicis.*)

276 3039 388 3128 Atque
422 3039 505 3104 haec
536 3039 686 3105 virorum
717 3040 898 3122 doctorum,
922 3040 1087 3104 sententia
1118 3044 1249 3105 servata
1284 3045 1333 3104 est

168 3147 261 3234 apud
284 3146 539 3226 Nicomachum,
564 3153 602 3211 ut
624 3168 666 3212 ex
681 3152 835 3213 accurata
850 3147 886 3211 in
903 3146 974 3212 eius
991 3146 1100 3212 fontes
1115 3145 1332 3232 inquisitione

168 3255 285 3321 elucet.

277 3378 431 3446 Contenti
468 3384 547 3444 sunt
580 3378 671 3466 apud
706 3378 950 3444 Nicomachum
986 3377 1052 3442 duo
1088 3383 1248 3456 auctores
1274 3377 1332 3462 qui

169 3486 270 3553 simili
294 3507 372 3552 cum
395 3485 505 3552 studio
529 3492 561 3551 et
582 3485 795 3552 vehementia
819 3523 860 3532 -
884 3507 963 3550 nam
986 3506 1106 3551 verum
1122 3490 1240 3549 neuter
1256 3483 1332 3549 scie-

169 3593 227 3660 bat
250 3631 293 3641 —
316 3593 399 3657 alter
414 3593 694 3659 acusmaticorum
717 3593 792 3657 iura
815 3591 1023 3670 defendebat,
1048 3591 1131 3656 alter
1152 3590 1333 3656 mathema·

169 3701 314 3766 ticorum
326 3699 553 3786 principatum
569 3699 797 3765 demonstrare
812 3697 1006 3785 temptabat.
1043 3697 1333 3764 Acusmaticorum

168 3829 249 3874 vero
284 3807 439 3872 defensor
472 3806 585 3871 hausit
620 3828 659 3872 ea
692 3827 734 3872 ex
768 3805 992 3892 disputatione
1028 3843 1071 3851 —
1107 3805 1146 3870 cf.
1173 3826 1208 3891 p.
1233 3805 1253 3867 3
1277 3842 1331 3884 -,

169 3937 274 4002 quarn
291 3919 393 3993 recte,
429 3919 467 3978 ut
500 3920 615 3999 postea
638 3912 929 3992 demonstrabitur,
954 3913 1041 3977 Rosa
1065 3917 1098 3976 et
1120 3909 1238 3976 Rohde
1262 3908 1332 3974 Ari·

169 4021 328 4088 stotelicis
352 4021 547 4105 fragmentis
582 4019 897 4098 adnumeraverunt,
933 4025 966 4084 et
996 4023 1166 4105 praeterea
1195 4018 1333 4082 fortasse

171 4255 488 4266 —.--—-—

276 4430 302 4500 ')
319 4428 455 4499 [similiter
472 4427 577 4483 iudicat
594 4428 628 4483 da
651 4427 882 4496 Pythagoreorum
902 4425 1032 4480 classibus
1060 4425 1092 4479 Ε.
1106 4424 1209 4493 Itohde‚
1227 4423 1333 4490 Psyche

171 4539 195 4590 p.
218 4525 280 4590 463,
311 4535 363 4588 quo
387 4519 456 4575 libro
481 4526 540 4572 tum
562 4517 668 4571 demum
702 4517 745 4571 uti
769 4521 899 4584 poteram,
927 4531 986 4569 cum
1011 4513 1068 4581 ipse
1094 4513 1250 4581 opusculum
1274 4529 1332 4566 con·

170 4611 307 4678 tecam]
