3488 5584
630 441 827 508 -5-.

135 642 288 722 XXVII,
321 642 362 706 33
391 677 427 686 —
453 645 566 704 narrat
595 639 636 704 de
667 638 797 705 duabus
827 639 1036 726 Pythagorae
1067 639 1306 727 discipulorum

135 749 321 816 classibus:
354 748 411 814 vit.
447 747 543 833 Pyth.
575 747 597 833 ξ
628 748 668 811 81
705 747 754 832 [cf.
786 747 914 826 Nauck,
946 748 1069 834 proleg.
1104 755 1136 814 et
1166 748 1242 815 add.
1274 773 1306 835 p.

137 857 300 942 LXVIII]
317 857 340 941 ξ
356 855 407 919 87.
427 855 468 918 88
492 852 545 940 (=
569 854 717 919 decom.
743 855 846 920 math.
872 855 985 920 scient.
1010 878 1041 941 p.
1066 857 1107 920 76
1131 855 1180 921 ed.
1200 856 1308 944 Festa)

138 965 202 1034 δύο
226 967 254 1031 δ’
279 965 347 1031 ἐστὶ
370 962 427 1048 τῆς
449 964 609 1047 Ἰταλικῆς
639 965 826 1047 φιλοσοφίας
853 965 933 1050 εἴδη,
963 966 1163 1051 καλουμένης
1186 967 1222 1031 δὲ
1246 972 1308 1032 Πυ-

140 1075 324 1163 θαγορικῆς
342 1090 347 1103 ·
365 1067 422 1138 δύο
445 1065 508 1159 γάρ
530 1063 572 1155 ἦν
593 1081 669 1157 γένη
693 1081 749 1136 καὶ
773 1073 838 1136 των
853 1074 1167 1160 μεταχειριζομένων
1191 1069 1305 1157 αὐτήν,

139 1185 179 1246 οἳ
196 1187 258 1265 μὲν
290 1181 530 1263 άκουσματικοί,
556 1181 592 1244 οἳ
611 1177 647 1244 δὲ
669 1185 903 1263 μαθηματικοί
923 1225 928 1238 .
954 1187 1087 1245 τουτωνὶ
1120 1180 1156 1244 δὲ
1188 1183 1217 1243 οἱ
1246 1185 1309 1265 μὲν

138 1286 377 1370 οἷκουσματικοῐ
401 1286 623 1370 ιδμολογοδντο
645 1285 870 1376 Πυθαγόρειοι
893 1286 978 1352 εἶναι
1000 1280 1065 1352 int
1090 1292 1158 1352 τοῖν
1181 1291 1309 1376 ἑτέρων,

141 1391 218 1473 τούς
242 1395 278 1460 δὲ
310 1392 566 1479 μαθηματικοδς
597 1385 686 1462 οὗτοι
709 1393 767 1477 οὐχ
790 1387 982 1477 δμολόγουν,
1019 1392 1097 1458 odos
1119 1390 1179 1479 την
1209 1421 1308 1482 πραγ-

141 1513 288 1583 ματείαν
321 1499 433 1568 atvar
476 1500 560 1564 εἶναι
593 1496 804 1582 Πυθαγόρου,
838 1497 909 1564 ἄλλ’
941 1500 1107 1565 Ἱππάσου
1142 1521 1148 1533 ·
1184 1497 1242 1567 τδν
1272 1503 1307 1567 δὲ

128 1605 303 1675 Ἵππασον
326 1610 362 1672 οἳ
378 1613 440 1691 μὲν
456 1606 681 1694 Κροτωνιάτην
704 1618 813 1691 φασίν,
839 1610 874 1671 ot*
892 1608 927 1672 δὲ
945 1613 1198 1672 Μεταποντῖνον
1217 1607 1307 1674 ..ἔστι

141 1717 179 1782 δὲ
204 1711 304 1801 ἡμὲν
326 1721 392 1780 των
415 1715 664 1799 οἶκουσματικοῖν
680 1713 850 1800 φιλοσοφία
875 1713 1063 1797 α’κοόσματα
1082 1713 1308 1781 ἀναπόδεικτα

140 1833 197 1888 καὶ
214 1816 295 1888 άνεν
310 1818 414 1904 λόγου,
432 1819 483 1886 ότι
500 1815 600 1894 οὕτως
616 1831 786 1909 πρακτέον,
804 1831 859 1886 καὶ
883 1815 989 1886 τάλλα
1013 1816 1075 1888 δ’σα
1091 1826 1170 1910 παρ’
1184 1821 1310 1888 ι’κιίνου

140 1931 274 2018 ἐρρέθη,
301 1935 403 1995 ταῦτα
427 1932 607 2016 πειρῶνται
631 1928 864 2012 διαφυλάττειν
887 1925 930 2005 οἷς
954 1934 1033 1994 θεία
1058 1924 1219 2014 δόγματα,
1243 1931 1308 1995 ιιτλ.

141 2072 184 2082 -—
209 2034 361 2119 sequitur
383 2033 480 2098 docta
507 2032 564 2097 illa
586 2031 628 2097 de
659 2032 839 2098 acusmatis
873 2033 1064 2119 disputatio,
1096 2035 1191 2099 cuius
1215 2055 1308 2119 argu-

140 2148 297 2207 mentum
320 2141 388 2205 iam
412 2139 517 2218 attuli,
542 2161 562 2204 a
585 2140 664 2205 val:
684 2141 771 2204 Rosa
796 2146 828 2205 et
850 2141 888 2204 E.
913 2140 1032 2205 Rohde
1048 2139 1217 2206 Aristoteli
1244 2141 1310 2207 vin·

144 2249 256 2314 dicata
281 2285 320 2295 -
345 2248 367 2333 §
390 2248 441 2311 87.
474 2253 503 2314 ot
528 2248 565 2315 δὲ
592 2260 667 2336 περὶ
698 2246 740 2315 τά
763 2245 952 2334 μαθήματα
984 2255 1050 2316 τῶν
1072 2255 1310 2335 Πυθαγορείων

141 2355 276 2435 τούτους
301 2383 335 2423 τε
359 2358 568 2442 ὁμολογοῦσιν
591 2353 678 2422 εἶναι
701 2357 913 2444 Πυθαγόρου,
945 2367 1000 2422 καὶ
1025 2357 1124 2424 αὐτοί
1143 2378 1243 2439 φασιν
1262 2356 1310 2422 ἔτι

141 2466 270 2550 μᾶλλον
294 2462 314 2551 ἢ
339 2457 362 2528 διΙ
384 2466 528 2545 λέγουσιν
552 2465 646 2530 αὐτοὶ
670 2464 781 2548 ἀληθῆ
804 2461 893 2529 εἶναι
933 2483 939 2497 ·
978 2463 1037 2547 τήν
1059 2465 1095 2530 δὲ
1119 2468 1232 2529 αἰτίαν
1255 2470 1312 2548 τῆς

140 2568 260 2656 άνομοι
288 2568 398 2657 ότητος
422 2567 579 2656 τοιαύτην
605 2575 762 2652 γενέσθαι
792 2582 891 2656 φασίν
922 2575 953 2633 et
983 2590 1070 2654 quae
1102 2589 1191 2654 seq.;
1225 2589 1305 2632 nam

140 2699 218 2742 cum
243 2675 436 2742 acusmatici
460 2675 668 2762 Pythagorae
693 2674 848 2761 discipuli
871 2696 940 2740 non
963 2676 1071 2740 solum
1092 2675 1156 2758 ipsi
1174 2682 1305 2740 conten-

139 2784 258 2850 derent
290 2805 324 2848 se
355 2784 520 2868 genuinos
550 2783 759 2868 Pythagorae
791 2781 971 2868 discipulos
1002 2803 1082 2861 esse,
1116 2782 1175 2847 sed
1205 2782 1306 2847 etiam

139 2914 160 2956 a
182 2890 428 2956 mathematicis
450 2890 537 2955 inter
552 2889 778 2975 Pythagoreos
796 2896 1062 2968 numerarentur,
1080 2888 1222 2954 dubium
1237 2911 1306 2962 non

140 3005 199 3077 est,
226 2999 311 3084 quin
333 2997 397 3083 ipsi
421 2997 630 3083 Pythagorei,
656 3017 740 3082 quos
764 2995 966 3082 sequebatur
988 2996 1223 3075 Nicomachus
1247 3018 1305 3081 pu·

140 3106 287 3172 taverint
310 3104 514 3190 οἷκούσμοιτα,
531 3125 552 3168 a
575 3103 697 3189 quibus
720 3103 812 3168 haud
836 3103 936 3168 dubie
960 3125 1083 3168 nomen
1107 3111 1308 3189 acceperunt

139 3213 344 3289 acusmatici,
362 3211 532 3296 adipsum
548 3211 654 3276 redire
670 3211 917 3296 Pythagoram;
943 3231 983 3275 ea
994 3217 1107 3276 autem
1123 3211 1158 3274 in
1171 3232 1205 3275 re
1221 3211 1307 3276 inter

141 3343 175 3386 se
199 3319 409 3396 differebant,
440 3318 531 3403 quod
560 3317 787 3383 mathematici
809 3315 1035 3403 Pythagoram
1063 3323 1193 3402 praeter
1216 3339 1306 3382 acus·

139 3435 232 3493 mata
254 3427 336 3492 ahas
360 3447 494 3511 quoque
516 3446 568 3490 res
592 3424 743 3490 docuisse
759 3423 940 3510 discipulos
964 3424 1198 3510 opinabantur,
1216 3446 1306 3490 acus-

140 3534 253 3600 matici
277 3539 390 3599 autem
420 3538 592 3598 acusmata
614 3538 719 3598 totam
752 3532 857 3617 ipsius
881 3532 1089 3618 Pythagorae
1120 3531 1306 3597 doctrinam

141 3642 311 3707 continere
334 3639 588 3705 contendebant.
624 3640 719 3704 Patet
741 3638 843 3724 igitur
866 3661 907 3704 ex
931 3638 987 3718 eis,
1010 3661 1096 3724 quae
1120 3661 1222 3725 supra
1245 3639 1307 3704 dis·

141 3749 269 3836 putavi,
307 3746 517 3813 acusmaticis
541 3745 797 3812 adsentiendum
822 3767 902 3825 esse,
928 3752 960 3810 et
983 3746 1305 3825 mathematicorum,

140 3856 198 3942 qui
222 3861 385 3923 vocantur
408 3877 429 3919 a
451 3854 665 3933 Nicomacho,
689 3853 875 3919 doctrinam
898 3853 1034 3938 abipso
1058 3853 1249 3938 Pythagora
1272 3875 1306 3918 re

142 3985 221 4030 vera
246 3984 317 4028 esse
340 3961 494 4026 alienam.

253 4069 345 4147 Quid
367 4090 446 4134 vero
474 4068 611 4133 omnino
635 4067 675 4132 de
695 4067 892 4133 Nicomachi
915 4066 1059 4131 duarum
1082 4067 1239 4132 classium
1262 4066 1307 4131 di·

141 4177 318 4244 stinctione
341 4175 560 4240 iudicandum
584 4176 635 4254 sit,
660 4175 801 4240 dubium
824 4180 881 4239 est.
920 4174 1035 4252 Zeller,
1059 4173 1135 4239 hist.
1160 4174 1239 4259 phil.
1257 4196 1305 4259 gr.

140 4287 165 4365 I,
194 4283 237 4349 1⁶
260 4306 293 4371 p.
319 4284 383 4347 329
415 4283 589 4348 inventam
619 4304 692 4347 eam
725 4303 795 4346 csse
827 4287 940 4346 censet
968 4281 1306 4367 aNeopythagoreis,

140 4400 177 4459 ut
214 4391 414 4478 sapientiam
450 4410 546 4454 suam
571 4390 702 4454 Platoni
725 4389 890 4474 imprimis
914 4394 946 4453 et
969 4387 1138 4453 Aristoteli
1161 4387 1306 4452 debitam
1351 4384 1352 4392 '
1412 4416 1413 4419 ¹

140 4539 181 4547 --
206 4500 247 4565 ci.
280 4497 438 4562 Moderat.
471 4518 523 4582 ap.
549 4497 671 4581 Porph.
697 4496 737 4562 V.
763 4496 798 4560 P.
831 4497 874 4561 53
899 4494 1069 4580 -ipsius
1099 4494 1307 4580 Pythagorae

139 4606 277 4673 nomine
300 4611 471 4679 ornarent;
497 4604 556 4669 sed
583 4603 692 4668 omnis
720 4601 892 4688 sapientia,
919 4624 1020 4688 quarn
1051 4601 1240 4667 didicerunt
1261 4623 1306 4666 se·
1410 4669 1412 4673 ,
