3488 5584
890 414 1111 480 ..30-

419 610 473 676 vel
496 611 646 695 σύμβολα
670 616 729 674 eto.
761 616 886 687 vocata,
922 617 960 674 ut
983 613 1118 697 κυάμων
1141 613 1339 695 άαέχεσθαι,
1371 610 1512 698 καρδίαν
1542 607 1586 694 μή

420 719 557 792 ἐσθίειν,
583 721 774 798 ἀπέχεσθαι
795 716 1003 807 μελανούρων
1027 723 1086 782 etc.

527 824 621 888 Haeo
644 829 723 888 sunt
745 824 933 907 fragmenta
956 823 1125 888 Aristoteli
1149 821 1303 888 distincte
1329 821 1463 900 tributa,
1499 841 1588 906 quae

421 930 464 994 ad
488 937 660 995 acusmata
682 929 905 1015 Pythagorica
928 936 1088 1015 spectant,
1113 951 1200 1014 quae
1224 929 1379 1015 quamvis
1397 949 1504 1015 pauca
1521 928 1589 993 sint

425 1045 457 1103 et
480 1037 587 1115 exilia,
613 1044 726 1102 tamen
750 1037 829 1102 satis
854 1038 940 1101 clare
960 1036 1089 1115 docent,
1115 1057 1201 1122 quae
1217 1036 1343 1100 fuerint
1359 1035 1588 1101 Aristotelioae

423 1145 464 1209 de
489 1144 668 1209 acusmatis
693 1144 928 1228 disputationis
952 1150 985 1208 et
1007 1145 1153 1209 ambitus
1177 1149 1209 1209 et
1232 1142 1370 1207 indoles.
1418 1141 1589 1208 Tractavit

422 1252 512 1316 enirn
529 1250 722 1316 Aristoteles
745 1271 914 1315 unacum
939 1251 1128 1329 acusmatis,
1153 1271 1240 1335 quae
1264 1250 1589 1335 pertinentiisque

393 1391 397 1400 ·
422 1367 544 1437 θυσίας
567 1363 649 1425 καθ’
683 1361 836 1433 ἑκάστους
871 1358 946 1436 τούς
979 1355 1110 1448 καιρους
1146 1362 1216 1436 πῶς
1239 1354 1297 1447 χρῆ
1321 1364 1503 1432 ποιεῖσθαι,
1528 1357 1590 1434 τάς

422 1495 457 1534 τε
480 1465 584 1545 ἄλλοις
607 1463 712 1551 (θεων
734 1465 921 1553 θρησκείας)
944 1474 1001 1531 καὶ
1024 1477 1098 1555 περὶ
1122 1467 1334 1549 μετοικήσεως
1355 1472 1413 1551 τῆς
1429 1465 1590 1531 ἐντεῦθεν

422 1585 478 1640 καὶ
502 1585 575 1662 περὶ
599 1569 659 1652 τάς
682 1568 791 1652 ταφάς
814 1579 886 1650 πῶς
910 1575 961 1638 δεῖ
980 1574 1269 1640 καταθάπτεσθαι
1295 1609 1335 1618 -
1373 1571 1414 1634 cl.
1439 1591 1470 1655 p.
1489 1571 1518 1634 3.
1546 1609 1587 1618 -

424 1701 479 1744 cas
503 1687 638 1763 quoque
661 1679 899 1764 Pythagoricos
923 1678 1113 1756 sententiaa,
1145 1699 1231 1763 quae
1264 1684 1360 1744 vocat
1382 1676 1589 1764 Porphyrius

424 1791 625 1874 συμβολικῶς
659 1785 712 1852 vel
735 1788 982 1872 αἰνιγματωδῶς
1016 1793 1179 1875 εἰρημένα.
1228 1784 1375 1870 Singulis
1408 1784 1589 1849 acusmatis

424 1892 564 1958 subiecit
587 1913 704 1957 omnes
727 1893 964 1978 explicationes
981 1913 1059 1957 cum
1085 1893 1132 1957 eis
1160 1891 1380 1971 circumlatas,
1405 1891 1439 1955 in
1465 1890 1589 1977 quibus

424 2000 677 2085 conspiciuntur
700 1999 766 2065 duo
789 1999 1030 2084 interpretandi
1063 1999 1217 2077 rationes
1253 1999 1365 2077 altera,
1399 2019 1467 2083 qua
1501 2004 1589 2064 recte

424 2113 596 2172 aousmata
630 2106 825 2173 derivantur
860 2129 901 2171 ex
936 2106 1089 2192 religiosa
1123 2113 1156 2171 et
1188 2106 1418 2191 superstitiosa
1450 2105 1588 2190 origine,

425 2215 537 2293 altera,
562 2235 630 2299 qua
653 2213 907 2300 interpretandi·
929 2213 1075 2278 artificiis
1109 2235 1226 2278 sensus
1257 2213 1369 2278 exeis
1393 2211 1523 2278 elicitur
1546 2210 1590 2276 ad

425 2321 572 2406 corporis
595 2320 823 2387 valetudinem
846 2321 1020 2386 colendam
1049 2322 1103 2387 vel
1127 2322 1191 2386 tale
1215 2319 1299 2406 quid
1327 2326 1490 2404 spectans.
1537 2320 1590 2384 Ex

428 2450 462 2494 se
486 2427 559 2513 ipso
583 2435 697 2493 autern
720 2428 829 2492 nullas
853 2428 986 2494 videtur
1009 2428 1204 2500 Aristoteles¹
1226 2427 1406 2492 acusmatis
1422 2426 1590 2492 addidisse

426 2536 580 2614 rationes,
605 2535 663 2600 sed
687 2556 742 2600 eas
766 2536 861 2614 solas,
886 2556 970 2620 quas
1004 2535 1143 2614 invenit,
1167 2535 1313 2620 integras
1338 2535 1408 2600 sine
1432 2533 1500 2599 ullo
1524 2534 1588 2598 dis-

427 2643 565 2707 crimine
596 2643 761 2721 attulisse;
798 2642 968 2707 interdum
991 2664 1071 2708 vera
1093 2643 1273 2708 acusmatis
1289 2643 1465 2727 explicatio
1488 2641 1590 2728 perie-

429 2757 488 2828 rat,
513 2748 548 2813 id
572 2748 663 2836 quod
687 2750 865 2815 statuimus
887 2749 924 2813 in
948 2757 1117 2814 acusmate
1141 2753 1276 2836 κυάμων
1300 2753 1502 2832 ἀπέχεσθαι.

536 2858 612 2923 Uno
636 2858 672 2921 in
696 2863 865 2923 acusmatc
889 2857 1073 2942 reperimus
1097 2857 1301 2942 singularem
1322 2857 1591 2942 interrogationis

426 2966 579 3042 formam,
616 2986 703 3050 quae
736 2970 850 3028 utrum
884 2963 926 3029 ab
961 2964 1151 3049 Pythagora
1181 2963 1224 3028 ad
1248 2971 1419 3030 acusmata
1441 2963 1592 3030 adhibita

428 3072 536 3137 sitan
560 3071 602 3138 ab
614 3070 790 3137 Aristotele
813 3072 927 3158 aliqua
950 3071 990 3135 de
1014 3092 1115 3136 causa
1137 3071 1299 3150 instituta,
1322 3071 1498 3136 decernere
1522 3093 1592 3136 non

429 3200 617 3264 possumus.

535 3287 637 3352 Plane
662 3285 778 3352 eadem
801 3307 881 3353 vero
912 3291 1084 3352 acusmata
1107 3292 1139 3351 et
1163 3286 1341 3370 colligendi
1364 3293 1396 3351 et
1427 3285 1592 3352 tractandi

429 3394 512 3459 ratio
547 3394 689 3459 occurrit
723 3393 814 3479 apud
848 3393 1076 3458 Jambhchum
1109 3416 1140 3460 v,
1176 3395 1212 3458 P.
1250 3395 1397 3474 82-863
1422 3415 1526 3480 quare
1549 3393 1590 3460 V.

430 3502 517 3566 Rose
541 3507 574 3566 et
596 3501 633 3564 Ε.
659 3501 777 3566 Rohde
800 3523 860 3587 per
882 3501 1126 3567 Nicomachum
1149 3501 1256 3566 redire
1279 3507 1483 3587 putaverunt
1504 3501 1592 3566 Jam-

429 3607 531 3674 blichi
565 3608 826 3693 disputationem
859 3608 903 3674 ad
934 3608 1120 3675 Aristotelis
1144 3608 1268 3673 librum
1292 3621 1366 3696 περὶ
1389 3616 1454 3678 τῶν
1477 3614 1593 3677 Πυθα-

429 3729 562 3803 γορείων
581 3753 618 3762 —
645 3716 684 3780 ct.
710 3737 741 3800 p.
767 3717 787 3780 3
811 3731 876 3794 —,·
896 3721 996 3801 atque
1019 3715 1172 3781 firmatur
1194 3715 1403 3782 Aristotelica
1430 3717 1522 3802 origo
1555 3737 1594 3782 ea

433 3845 477 3902 re,
502 3822 595 3907 quod
616 3823 780 3887 nonnulla
802 3821 982 3888 Jamblichi
1011 3823 1184 3888 enuntiata
1206 3823 1309 3890 verbo
1333 3829 1431 3889 tenus
1453 3845 1593 3889 consen·

432 3930 521 3995 tiunt
544 3951 623 3994 cum
645 3935 732 3994 certe
755 3929 982 4008 Aristotelicis‚
1008 3928 1066 3994 sed
1090 3951 1167 3994 cum
1191 3931 1232 3997 V.
1249 3931 1336 3996 Rose
1359 3931 1395 3996 in
1411 3931 1594 3999 novissima

431 4039 697 4122 fragmentorum
719 4036 1006 4102 Aristotelicorum
1041 4037 1233 4102 collectione
1268 4039 1468 4104 sententiam
1498 4060 1593 4104 suam

432 4146 488 4209 Ar.
514 4167 562 4231 ps.
588 4167 620 4230 p.
646 4145 710 4210 202
748 4144 912 4229 prolatam
948 4145 1118 4230 spreverit,
1155 4144 1247 4210 haud
1281 4146 1399 4211 inutile
1434 4152 1484 4211 est
1517 4145 1595 4210 data

433 4274 534 4338 opera
566 4252 675 4316 denuo
706 4251 952 4316 Arismtelicam
987 4252 1087 4317 huius
1122 4253 1226 4338 partis
1263 4253 1427 4338 originem
1461 4253 1594 4318 demon·

434 4367 546 4425 strare.

541 4467 624 4532 Cum
659 4465 846 4532 Jamblicho
880 4488 960 4532 vero
995 4466 1127 4552 saepius
1162 4465 1264 4534 verbo
1299 4473 1397 4533 tenus
1431 4469 1596 4534 consent‘t

434 4574 594 4644 Aelianus
624 4596 656 4640 v.
680 4574 712 4640 h.
737 4574 859 4655 1V,rr;
885 4595 988 4661 quare
1021 4575 1049 4640 si
1071 4573 1251 4642 Jamblichi
1274 4574 1465 4663 disputatia
1501 4576 1596 4644 cuius
