3488 5584
641 441 859 504 -29-

160 633 323 699 ficatione
347 635 600 710 alienissimum,
632 635 678 700 ita
711 642 749 700 ut
771 657 908 702 acosma
937 636 1099 720 pertineat
1124 637 1167 701 ad
1190 637 1337 722 corporis

162 741 398 807 valetudinem
422 741 594 807 colendam
620 749 680 807 eto.

275 849 343 934 Ipsi
367 871 445 916 vero
469 850 639 914 Aristoteli
674 849 740 914 duo
775 850 842 914 iam
877 857 1009 935 praesto
1033 851 1136 916 luisse
1166 859 1338 917 acusmata

163 956 358 1041 explicandi
381 978 504 1041 genera
527 997 570 1008 -
593 957 635 1022 cf.
659 980 690 1042 p.
720 957 790 1021 189.
817 995 858 1004 -
883 959 1086 1043 conspicitur
1110 943 1186 1024 cum
1211 981 1251 1024 ex
1285 982 1336 1024 ex-

162 1062 346 1148 plicatione
362 1064 542 1128 acusmatis
559 1060 659 1149 ἄρτον
680 1063 725 1151 μη
751 1067 957 1148 καταγνύειν,
982 1086 1050 1150 (μου
1066 1065 1106 1129 de
1131 1088 1165 1130 ro
1189 1067 1256 1130 ium
1273 1069 1335 1151 egi,

163 1176 241 1235 tum
266 1193 307 1236 ex
330 1171 515 1237 rationibus
539 1172 701 1236 acusmati
733 1168 774 1238 τά
799 1175 836 1239 δὲ
860 1175 989 1240 πεσόντ’
1014 1170 1083 1239 α’πό
1107 1179 1268 1264 τραπέζης
1291 1177 1335 1263 μη

165 1281 388 1368 α’ναιρεῖσθαι
413 1277 579 1356 subiectio,
595 1277 667 1366 ‚ubi
702 1300 814 1344 veram
840 1279 1020 1344 acusmatis
1044 1280 1209 1364 originem
1232 1282 1339 1367 aperit

163 1384 344 1469 icotologia
373 1384 423 1451 ὅτι
456 1386 512 1452 ε’πὶ
541 1388 654 1484 τελετῇ
678 1413 763 1464 τινος
789 1389 866 1464 κτλ,
901 1408 941 1450 ex
973 1387 1149 1471 allegorica
1180 1387 1336 1473 interpre-

163 1491 262 1556 tandi
286 1493 413 1557 ratione
438 1499 552 1558 exorta
576 1499 625 1558 est
657 1493 834 1578 explicatio
870 1492 956 1583 ὑπὲρ
989 1501 1047 1562 τοῦ
1081 1493 1260 1574 ἐθίζεσθαι
1292 1497 1335 1585 μή

164 1600 354 1678 ἀκολάστως
377 1600 513 1668 ἕσθίειν.

276 1708 388 1782 Quare
411 1707 497 1771 nihil
519 1707 670 1792 impedit,
695 1707 778 1792 quin
802 1707 867 1792 ipsi
883 1707 1051 1802 Aristoteli
1076 1729 1193 1774 omnes
1216 1709 1337 1774 tribua·

164 1835 244 1878 mus
268 1815 447 1879 acusmatis
471 1816 607 1901 κυάμων
631 1813 822 1896 α’πίχεσθαι
846 1815 999 1880 rationes.

276 1922 371 1997 Quae
395 1921 422 1986 si
446 1927 533 1986 recte
557 1921 727 2006 disputata
757 1927 845 2000 sunt,
869 1921 1063 1987 Aristoteles
1094 1924 1217 2001 omnia,
1250 1945 1336 2009 quae

166 2029 265 2095 novit
286 2035 467 2107 acoemeto,
493 2050 662 2094 unacum
686 2029 881 2107 rationibus,
907 2051 1093 2114 quaecum
1119 2031 1166 2095 eis
1200 2031 1336 2096 circum·

164 2135 371 2214 ferebantur,
396 2136 467 2200 sine
490 2136 558 2201 ullo
581 2135 705 2201 iudicio
729 2136 860 2220 integra
882 2137 994 2201 attulit
1017 2143 1049 2202 et
1073 2139 1225 2205 servavit.

276 2243 434 2320 Quonam
471 2265 550 2310 vero
590 2265 631 2307 ex
670 2244 762 2308 fonte
803 2243 989 2310 Aristotelis
1025 2233 1262 2330 ‘fragmentum
1301 2247 1337 2310 in

167 2351 295 2416 Laertii
319 2350 479 2435 Diogenis
506 2350 710 2435 farraginem
740 2351 937 2435 pervenerit,
963 2373 1047 2416 num
1081 2373 1122 2416 ex
1145 2352 1336 2418 Alexandro

165 2458 388 2544 Polyhistore,
413 2457 447 2521 id
471 2457 562 2542 quod
586 2458 725 2522 fortasse
749 2458 869 2535 exeis,
895 2480 980 2543 quae
1004 2459 1070 2524 fine
1093 2459 1272 2543 fragmenti
1296 2459 1337 2524 de

167 2565 320 2630 lontibus
344 2565 425 2630 suis
448 2565 545 2628 affert
568 2564 719 2629 Laertius
743 2565 794 2642 D,
827 2565 1024 2630 concludere
1055 2566 1140 2642 licet,
1173 2567 1337 2632 incertum

166 2679 237 2752 est;
264 2672 417 2758 pervenit
440 2670 533 2737 haud
558 2670 659 2737 dubie
682 2692 744 2736 nec
768 2672 936 2737 sincerum
959 2694 1069 2758 neque
1092 2669 1283 2758 integrum

738 2797 769 2861 4.

279 2904 415 2983 Gellius,
447 2911 533 2969 noct.
567 2911 623 2968 att.
649 2905 707 2983 IV,
741 2907 779 2968 11
812 2904 861 2970 ed.
888 2904 1060 2990 Kiessling
1092 2945 1130 2953 —
1162 2906 1217 2970 Ar.
1243 2909 1338 2992 pst

168 3012 260 3100 (194)
285 3034 343 3077 -:
370 3011 590 3090 „Plutarchus
626 3033 775 3097 quoque,
812 3012 913 3076 hoino
956 3013 990 3076 in
1024 3013 1210 3098 'disciplinis
1244 3015 1338 3098 gravi

168 3120 376 3197 auctoritate,
401 3119 437 3182 in
461 3119 569 3204 primo
593 3119 687 3198 libro,
718 3141 802 3205 quos
826 3119 867 3184 de
883 3119 1032 3184 Homero
1056 3121 1253 3205 composuit,
1269 3121 1339 3184 Ari-

169 3227 322 3293 stotelem
356 3226 593 3311 philosophum
628 3227 760 3311 scripsit
790 3226 907 3291 eadem
941 3227 1015 3312 ipsa
1046 3227 1086 3292 de
1109 3228 1339 3313 Pythagoricis

170 3335 353 3420 scripsisse,
379 3333 471 3419 quod
494 3355 563 3398 non
586 3333 822 3399 abstinuerunt
856 3334 993 3399 edendis
1026 3334 1237 3414 animalibus
1273 3336 1339 3401 nisi

169 3463 280 3528 pauca
295 3461 409 3519 carne;
433 3439 536 3505 verba
550 3441 624 3526 ipsa
640 3441 819 3520 Plutarchi,
837 3442 999 3527 quoniam
1015 3464 1067 3507 res
1089 3442 1263 3526 inopinata
1279 3449 1338 3521 est,

170 3548 369 3634 subscripsi:
395 3549 607 3637 Ἀριστοτέλης
632 3552 668 3616 δὲ
691 3547 815 3638 μήτρας
844 3562 900 3616 καὶ
924 3549 1062 3639 καρδίας
1089 3558 1146 3616 καὶ
1169 3552 1340 3638 α’καλήφης

169 3670 226 3725 καὶ
271 3658 424 3724 τοιούτων
460 3651 568 3724 ἄλλων
613 3656 808 3741 ἀπέχεσθαί
853 3683 927 3742 φησι
966 3652 1040 3735 τούς
1079 3661 1337 3748 Πυθαγορικούς,

170 3770 318 3855 χρῆσθαι
343 3763 379 3832 δὲ
402 3781 468 3842 τοῖς
489 3763 620 3843 ἄλλοις·
646 3765 798 3851 οἷκαλήηιη
823 3770 935 3828 autem
953 3771 1002 3828 est
1018 3764 1144 3828 animal
1158 3765 1338 3843 marinum,

171 3869 264 3955 quod
276 3869 383 3935 urtica
393 3870 611 3955 appellatur.“
637 3871 677 3935 cf.
695 3869 730 3934 L.
749 3870 789 3933 D.
808 3869 900 3949 Vlll,
921 3871 977 3934 19:
1003 3872 1129 3950 παντὸς
1153 3874 1189 3938 δὲ
1212 3874 1340 3957 μᾶλλον

171 3972 357 4068 α’πηγόρευε
386 3983 457 4064 μήτ’
488 3978 666 4068 ἐρυθρῖνον
690 3980 817 4046 ἐσθίειν
845 3977 927 4066 μήτε
956 3981 1180 4068 μελάνουρον·
1204 3982 1340 4069 καρδίας

172 4088 199 4152 δ’
225 4088 417 4170 ἀπέχεσθαι
442 4097 498 4153 καὶ
521 4087 681 4165 κυάμων·
706 4087 922 4174 Ἀριστοτέλης
953 4087 992 4152 δέ
1018 4107 1093 4172 φησι
1128 4098 1185 4152 καῖ
1214 4088 1339 4173 μήτρας

171 4205 228 4260 καῖ
259 4194 385 4281 τρίγλης
412 4194 537 4260 ἐνίοτε·
573 4197 605 4256 et
628 4191 749 4277 Porph.
782 4214 813 4258 v.
844 4193 878 4256 P.
904 4193 964 4257 45:
997 4195 1187 4274 ἀπέχεσθαι
1218 4196 1255 4260 δὲ
1283 4205 1340 4260 καὶ

172 4299 282 4367 ἄλλων
317 4297 458 4398 παρήνει
493 4297 565 4366 οἶον
606 4298 730 4389 μήτρας
765 4312 821 4367 καὶ
857 4297 1041 4388 ἀκαλήφης,
1078 4300 1194 4384 σχεδὸν
1224 4303 1339 4367 δὲκαὶ

173 4412 239 4476 τῶν
262 4407 371 4474 ἄλλων
395 4411 588 4474 θαλασσίων
611 4403 781 4475 ἁπάντων.

280 4515 331 4578 De
365 4513 544 4580 acusmatis
578 4513 671 4599 loqui
694 4513 906 4579 Aristotelem
940 4512 1019 4578 inde
1053 4513 1212 4599 sequitur,
1249 4513 1340 4600 quod

174 4622 307 4710 singula
336 4627 514 4708 praecepta
545 4620 637 4707 apud
667 4621 749 4686 alios
785 4628 935 4688 auctores
971 4619 1113 4686 redeunt
1142 4619 1338 4711 α’κούσματα
