3488 5584
906 435 1103 501 ..6.-

420 630 571 698 cundum
594 630 838 698 Nicomachum
867 630 1077 717 Pythagorae
1110 629 1274 716 discipuli,
1309 650 1388 695 cum
1421 650 1463 694 ex
1495 650 1588 696 acus-

420 739 520 804 matis
543 745 709 805 constaret
733 745 765 805 et
793 738 1007 804 mathematis
1030 735 1131 825 (unde
1154 758 1279 803 nomen
1308 737 1459 823 utrisque
1482 737 1589 824 venit)

407 846 590 914 =veteribus
612 846 680 912 iam
703 845 921 933 Pythagoreis
944 844 1042 925 notis,
1065 866 1135 910 non
1158 850 1288 930 poterat
1310 866 1330 909 a
1353 843 1588 930 Neopythago-

419 954 484 1018 reis
506 953 715 1040 Pythagorae
739 952 912 1032 substitui;
938 973 1042 1038 quare
1065 952 1108 1018 ad
1131 973 1187 1018 eos
1211 951 1407 1018 Nicomachi
1429 951 1588 1018 classium

420 1061 588 1127 distinctio
621 1060 727 1144 redire
757 1060 886 1146 nequit,
909 1058 952 1125 ad
984 1081 1068 1145 quos
1097 1058 1217 1124 melius
1248 1060 1386 1124 fortasse
1414 1057 1588 1124 reduxeris

419 1168 522 1233 trium
556 1167 711 1234 classium
736 1166 1035 1254 Pythagoricorum
1070 1164 1327 1245 distinctionem,
1352 1186 1456 1252 quam
1487 1164 1589 1232 refert

419 1275 560 1353 Taurus,
577 1274 797 1361 philosophus
812 1272 1014 1351 Platonicus,
1032 1273 1123 1359 apud
1139 1273 1221 1338 Gell.
1239 1295 1271 1338 n.
1286 1285 1323 1338 ‘a
1349 1273 1426 1352 1,9;
1444 1271 1587 1342 ἀκουστι-

420 1395 470 1451 κοῐ
504 1382 595 1448 enim
633 1387 666 1447 et
699 1389 928 1469 μαθηματικοὶ
962 1379 1162 1466 respondere
1197 1379 1355 1447 videntur
1389 1379 1588 1446 Nicomachi

421 1493 669 1578 ἄκουσματικυῐς
692 1495 725 1554 et
746 1496 1002 1576 μαθηματικοῖς,
1027 1494 1172 1570 φυσικῶν
1187 1508 1266 1554 vero
1284 1499 1494 1578 πραγματεία
1511 1509 1587 1554 eam

420 1599 558 1663 fortasse
588 1596 744 1682 amplexa
774 1600 824 1661 est
853 1595 1049 1682 doctrinam,
1074 1617 1178 1683 quam
1201 1595 1471 1681 Neopythagorei
1495 1594 1585 1660 addi·

420 1704 543 1770 derunt
564 1703 718 1789 propriae
740 1709 893 1768 veterum
916 1703 1203 1789 Pythagoreorum
1226 1702 1405 1768 doctrinae.
1449 1702 1586 1768 Rectius

421 1812 459 1876 Ε.
484 1809 603 1876 Rohde
626 1848 662 1858 -
692 1809 778 1875 Mus.
810 1809 918 1875 Rhen.
943 1830 975 1876 n.
1000 1831 1025 1876 s.
1050 1809 1178 1889 XXVI,
1202 1810 1268 1875 560
1293 1847 1329 1856 ι’
1357 1809 1420 1876 hac
1453 1807 1586 1876 deene-

420 1918 510 1984 tione
533 1916 641 1984 notari
659 1916 816 2003 opinatur
839 1915 1027 1997 discrimen,
1060 1915 1151 2002 quod
1174 1938 1209 1983 re
1232 1937 1312 1982 vera
1335 1915 1486 1982 exstabat
1500 1915 1588 1982 inter

420 2030 549 2093 veteres
564 2024 791 2111 Pythagoreos
814 2045 924 2109 neque
946 2045 1031 2091 vero
1049 2028 1182 2089 tantum
1203 2029 1282 2102 crat,
1300 2030 1338 2088 ut
1353 2023 1456 2090 altera
1471 2023 1586 2090 classis

421 2133 517 2199 alteri
540 2130 745 2197 abiudicaret
768 2131 932 2216 originem
954 2130 1220 2216 Pythagoricam.

526 2239 579 2304 Ex
602 2238 659 2318 eis,
676 2259 762 2325 quae
779 2259 881 2324 supra
902 2236 1081 2323 disputavi,
1105 2238 1212 2304 elucet
1227 2243 1332 2303 totam
1348 2237 1454 2324 ipsius
1466 2237 1586 2324 Pytha·

420 2368 520 2433 gorae
543 2345 739 2424 doctrinam,
773 2345 816 2410 ad
839 2345 1072 2433 Πυθαγόρειον
1093 2346 1215 2434 τρόπον
1249 2345 1309 2414 τοῦ
1337 2349 1412 2424 βίου
1435 2383 1477 2394 -
1500 2345 1584 2411 Plat.

421 2455 484 2540 leg.
509 2454 542 2518 X
565 2475 598 2539 p.
621 2453 686 2518 600
710 2453 738 2516 Β
760 2489 803 2499 -
827 2456 1042 2538 spectantem,
1071 2457 1290 2538 propagatam
1308 2473 1379 2518 esse
1395 2453 1584 2518 acusmatis.

426 2561 537 2638 Quare
568 2559 597 2624 si
619 2580 690 2646 qua
710 2558 792 2624 fides
822 2558 978 2624 habenda
1012 2559 1140 2637 seteis,
1173 2580 1260 2646 quae
1295 2558 1336 2636 de
1360 2559 1527 2626 esoteriois
1552 2573 1585 2626 et

427 2667 599 2734 exotericis
623 2666 831 2752 Pythagorae
866 2665 1037 2752 discipulis
1077 2671 1256 2731 narrantur
1292 2705 1332 2714 -
1367 2672 1468 2752 atque
1503 2667 1585 2733 eius·

425 2775 517 2841 modi
558 2773 806 2840 distinctionem
841 2772 947 2838 redire
986 2794 1093 2859 usquc
1128 2772 1172 2838 ad
1210 2772 1323 2860 ipsum
1360 2773 1585 2860 Pythagoram

423 2881 537 2948 multis
569 2881 610 2946 de
640 2880 749 2946 causis
778 2880 958 2947 verisimile
992 2885 1042 2946 est
1066 2917 1117 2960 -,
1142 2901 1276 2946 necesse
1307 2887 1357 2948 est
1379 2881 1440 2948 has
1464 2881 1585 2948 classes

424 2988 593 3054 distulisse
615 3008 686 3078 non
707 2986 801 3054 varia
824 2987 983 3060 doctrina,
1015 2987 1062 3052 ita
1084 2993 1122 3052 ut
1150 2987 1326 3054 ineruditis
1349 2988 1494 3075 oppositi
1519 2987 1587 3054 sint

426 3095 556 3174 eruditi,
593 3094 652 3160 sed
683 3094 777 3161 varia
799 3094 936 3172 ratione,
973 3115 1041 3179 qua
1063 3099 1205 3180 utraque
1235 3095 1348 3161 classis
1383 3095 1425 3161 de
1459 3094 1587 3161 eisdem

425 3202 610 3289 praeceptis
632 3200 786 3267 instituta
808 3201 859 3266 sit.
906 3200 1027 3266 Narrat
1041 3221 1120 3268 vero
1136 3200 1360 3268 Nicomachus
1385 3224 1438 3288 ap.
1463 3201 1585 3280 Jambl.

422 3332 453 3376 v.
478 3309 515 3375 P.
546 3309 588 3373 88
620 3307 840 3386 acusmaticis
874 3329 959 3393 quos
991 3312 1096 3386 vocat,
1130 3311 1352 3396 διαλεχθῆναι
1377 3311 1588 3400 Πυθαγόραν

423 3421 530 3509 ψιλῶς
547 3464 722 3495 .........
747 3426 801 3484 καὶ
814 3415 895 3483 ἄνευ
907 3419 964 3503 τῆς
977 3421 1094 3494 αἰτίας,
1113 3417 1242 3491 εἰδότας
1255 3427 1291 3484 τί
1306 3419 1357 3484 δεῖ
1366 3414 1522 3509 πράττειν
1545 3455 1589 3464 -

425 3529 458 3590 et
480 3523 581 3588 fidem
608 3521 798 3588 habendam
823 3543 894 3587 esse
926 3522 979 3588 his
1002 3521 1113 3588 verbis
1137 3522 1243 3588 elucet
1266 3544 1307 3588 ex
1331 3523 1388 3602 eis,
1424 3544 1523 3610 quae·
1547 3523 1589 3590 de

427 3631 585 3696 diuturno
614 3629 817 3695 novitiorum
841 3628 971 3694 silentio
1002 3634 1061 3695 etc.
1092 3634 1270 3695 narrantur
1301 3652 1328 3696 e.
1353 3652 1401 3716 gr.
1426 3652 1479 3717 ap.
1505 3630 1588 3698 Gell.

423 3739 490 3818 La,
537 3736 731 3803 acusmatiei
767 3757 844 3822 ergo
877 3742 971 3801 erant
994 3736 1120 3817 ‚novitii
1152 3774 1197 3816 —,
1228 3737 1472 3804 mathematicis
1507 3759 1588 3806 vero

424 3845 637 3931 ἐντυγχάνειν
653 3841 756 3912 adada
780 3847 821 3911 δι’
837 3845 1036 3924 ἀποδείξεως
1052 3856 1108 3912 καὶ
1122 3851 1190 3912 ταῖν
1207 3848 1429 3932 μαθημάτων·
1463 3845 1591 3912 differe-

425 3954 508 4020 bant
543 3951 644 4037 igitur
678 3950 833 4016 exoterici
858 3950 1022 4037 discipuli,
1059 3972 1143 4037 quos
1172 3954 1380 4033 α’κουστιιούς
1401 3954 1459 4019 vel·
1481 3953 1592 4022 οἰκουσ·

425 4061 582 4146 ματικους
605 4057 659 4144 (=
682 4057 871 4146 ἀκούοντας)
906 4058 1097 4124 nominatos
1127 4081 1198 4126 esse
1227 4082 1287 4146 per
1319 4081 1353 4126 se
1376 4061 1461 4126 nihil
1484 4060 1594 4127 obstat

423 4168 507 4255 quin
535 4170 702 4252 putemus,
734 4164 778 4230 ab
803 4165 969 4230 csoteriois
995 4166 1028 4230 h.
1054 4187 1081 4231 e.
1107 4172 1356 4256 μαθηματικοῖς
1379 4165 1433 4254 (=
1457 4170 1592 4255 μανθά-

429 4273 549 4361 νουσιν)
566 4273 613 4338 ita
628 4278 675 4353 ut,
700 4271 791 4358 quod
807 4273 962 4338 exoterici
986 4272 1057 4339 sine
1087 4274 1157 4340 ulla
1179 4274 1469 4360 argumentatione
1498 4276 1595 4362 quasi

427 4383 550 4467 dogma
576 4380 772 4466 acciperent,
797 4380 963 4446 esotericis
986 4380 1194 4467 probaretur
1216 4387 1249 4447 et
1271 4382 1562 4449 demonstraretur.

527 4489 646 4553 Postea
667 4508 756 4566 vero,
795 4508 873 4552 cum
896 4509 938 4553 ex
960 4487 1080 4554 studiis
1105 4489 1353 4555 mathematicis
1377 4494 1409 4555 et
1432 4490 1591 4576 physicis,

421 4604 568 4672 quorum
591 4594 689 4682 quasi
712 4593 896 4681 primordia
919 4595 1181 4682 conspiciuntur
1202 4597 1238 4662 in
1264 4597 1453 4674 acusmatis,
1481 4607 1596 4668 exorta
