3488 5584
615 483 834 549 ..¹354

135 660 249 725 fontes
272 659 470 746 primarium
493 661 605 725 locum
628 660 774 726 tenuisse
797 659 982 724 Aristotelis
1006 659 1128 724 librum
1146 665 1302 746 περὶτῶν

137 775 379 859 Πυθαγορείων
404 766 538 832 aliunde
563 773 707 833 constat:
744 788 847 852 quare
883 787 952 831 non
986 766 1093 846 video,
1127 787 1186 831 cur
1208 765 1302 830 Nico·

134 875 300 940 maehum
334 875 500 958 integram
532 873 717 940 Aristotelis
751 873 792 939 de
828 873 1007 939 acusmatis
1042 873 1302 960 disputationem

135 1003 292 1048 servasse
315 1003 485 1067 negemus.

248 1088 375 1166 Quanti
397 1108 476 1155 vero
499 1089 597 1175 pretii
625 1088 707 1154 haec
731 1088 911 1173 disputatio
944 1087 987 1153 sit
1019 1086 1062 1152 ad
1097 1086 1302 1172 primitivam

136 1195 310 1261 societatis
333 1195 573 1282 Pythagoricae
596 1195 744 1260 indolem
767 1194 1032 1280 cognoscendam
1050 1194 1157 1259 elucet
1179 1214 1221 1258 ex
1244 1193 1300 1270 eis,

135 1323 229 1387 quae
259 1323 362 1388 supra
384 1325 416 1388 p.
441 1303 471 1366 3.
496 1302 526 1366 4.
553 1300 709 1381 disserui;
735 1323 796 1368 neo
819 1302 932 1366 minus
955 1301 1044 1367 valet
1059 1300 1101 1365 ad
1117 1299 1302 1365 Aristotelis
1428 1289 1433 1296 ’

136 1416 351 1474 acusmatum
377 1409 607 1474 tractationem
642 1408 917 1494 cognoscendam,
953 1429 1033 1473 nam
1069 1412 1305 1493 praeterquam

135 1515 235 1602 quod
256 1516 320 1581 hac
344 1516 504 1602 ampliore
522 1513 751 1581 dissertatione
774 1515 819 1595 id,
836 1514 927 1600 quod
951 1536 992 1580 ex
1013 1513 1208 1600 fragmentis
1231 1511 1301 1576 Ari-

135 1623 249 1688 stoteli
261 1621 416 1688 distinete
432 1622 564 1688 tributis
581 1621 739 1700 eruimus,
756 1622 880 1708 optime
891 1621 1045 1686 firmatur
1061 1626 1094 1686 et
1109 1620 1300 1698 illustratur,

137 1729 302 1795 discimus
326 1751 367 1794 ex
389 1729 453 1794 hoe
487 1728 560 1795 loco
583 1727 751 1795 Aristoteli
785 1750 854 1793 non
890 1728 999 1794 solnm
1033 1733 1164 1813 praesto
1199 1726 1302 1790 luisse

136 1836 381 1902 nonnullorum
404 1841 624 1915 summatum,
650 1858 684 1901 re
707 1857 787 1902 vera
802 1835 1041 1920 religiosorum,
1066 1833 1311 1920 explicationes·

136 1944 266 2009 ethicas
290 1949 361 2023 eta,
386 1943 445 2009 sed
468 1943 568 2008 etiam
591 1943 678 2008 inter
701 1949 873 2008 aousmata
895 1941 1080 2007 Aristotelis
1096 1938 1302 2026 temporibus

136 2050 335 2115 circumlata
350 2071 421 2116 esse
437 2056 613 2135 praecepta
627 2071 717 2116 mere
741 2049 857 2128 ethica,
882 2055 920 2113 ut
942 2033 1072 2138 φορτίον
1093 2048 1137 2135 μή
1162 2051 1302 2131 συγκαθ-

136 2175 255 2245 αιρεῖν,
292 2165 541 2226 συνεπιτιθέναι
580 2159 619 2224 δέ
645 2155 693 2244 (λ),
740 2158 858 2244 χρυσον
888 2154 1002 2254 ἐχούσῃ
1034 2157 1078 2244 μή
1108 2156 1302 2242 πλησιάζειν

136 2267 195 2332 ἐπὶ
213 2278 411 2356 τεκνοποιίρι,
429 2265 660 2351 συμβουλεύειν
674 2249 777 2352 μηδὲν
798 2262 891 2353 παραὶ
914 2264 951 2331 τὸ
967 2267 1137 2343 βέλτιστον
1159 2266 1205 2352 τῷ
1228 2281 1301 2347 σνμ·

136 2375 371 2462 βουλευομένῳ,
390 2367 597 2458 ὑπομένοντα
611 2383 668 2439 καῖ
684 2371 799 2456 ἔχοντα
816 2369 987 2460 τραύματα
1004 2371 1041 2439 ἒν
1052 2377 1099 2460 τῷ
1113 2370 1302 2458 ἔμπροσθεν

136 2481 329 2567 τελευτῆσαι
354 2475 499 2562 οἰγαθόν.
547 2478 638 2554 Quot
659 2499 738 2544 vero
772 2476 851 2542 talia
880 2483 1051 2542 acusmata
1080 2498 1170 2541 mere
1194 2475 1302 2541 ethica

138 2585 334 2651 Aristoteles
358 2586 611 2664 enumeraverit,
637 2606 677 2650 ex
700 2585 896 2670 fragmentis
920 2583 1053 2649 decerni
1084 2605 1153 2648 non
1176 2589 1300 2668 potest;

138 2714 178 2758 ea
202 2713 312 2771 exre,
348 2691 445 2777 quod
462 2692 655 2758 Aristoteles
691 2692 771 2757 dicit
804 2687 841 2759 νιλ
866 2696 903 2760 δὲ
926 2695 1038 2760 πλεῖον
1061 2690 1178 2774 ἔχοντα
1201 2699 1301 2778 μῆκος
1338 2705 1339 2708 ’

139 2811 220 2889 περί
239 2829 275 2868 ιε
290 2808 412 2882 θυσίας
427 2802 492 2866 ιινλ.
510 2799 664 2885 colligere
679 2798 756 2864 licet
770 2799 868 2884 longe
891 2799 1075 2864 maximam
1091 2804 1302 2863 acusmatum

138 2912 271 2992 partem
295 2906 499 2996 continuisse
522 2912 700 2992 praecepta
722 2905 883 2991 religiosa.
933 2905 1054 2970 Utrum
1087 2905 1170 2971 haec
1193 2905 1301 2970 ethica

138 3019 313 3079 aeusmata
335 3012 379 3078 ad
401 3013 514 3098 ipsum
537 3013 762 3099 Pythagoram
785 3011 922 3078 redeant
945 3033 988 3077 an
1008 3051 1047 3060 -
1066 3012 1151 3078 sicut
1166 3033 1302 3078 aeusma

138 3134 187 3200 τίς
220 3119 244 3207 ἢ
278 3123 394 3209 (ποῖος)
428 3123 651 3212 Πνθαγόρας,·
675 3121 756 3201 θεός
790 3148 825 3187 τε
859 3131 924 3190 καῖ,
950 3114 1128 3210 ἅνθρωπος
1162 3159 1204 3168 -—
1227 3124 1302 3204 post

139 3228 367 3314 Pythagoram
397 3227 433 3291 in
456 3234 668 3293 acusmatum
702 3247 822 3312 eorpus
857 3227 1078 3312 pervenerint,
1114 3227 1300 3305 nescimus;

139 3335 334 3401 Aristoteles
358 3356 397 3400 ea
418 3333 511 3400 haud
534 3333 634 3402 dubie
656 3334 721 3420 ipsi
744 3317 963 3420 Pythagorae
976 3333 1100 3398 tribuit.

706 3551 802 3616 6..

248 3691 334 3756 Cum
356 3691 532 3757 Aristotele
556 3711 607 3776 ap.
632 3691 860 3758 Jambliohum
882 3713 913 3758 v.
938 3692 973 3756 P.
1000 3692 1041 3757 82
1065 3714 1137 3779 sqq.
1170 3691 1302 3780 saepius

140 3799 243 3866 verbo
287 3804 384 3864 tenus
429 3798 594 3864 consentit
634 3798 794 3864 Aelianus
837 3820 906 3866 var.
945 3799 1022 3864 hist.
1071 3799 1130 3879 IV,
1172 3803 1210 3865 17
1250 3801 1300 3866 ed.

141 3907 295 3972 Hercher
316 3928 348 3991 p.
373 3905 456 3971 343:
536 3904 623 3986 ἔλεγε
646 3907 683 3974 dd
706 3909 881 3997 ἱερώτατον
903 3909 988 3976 εἶναι
1011 3908 1047 3974 εδ
1072 3911 1128 3994 τῆς
1151 3911 1302 3995 μαλάχης

141 4016 284 4102 φύλλον·
393 4013 481 4096 ἔλεγε
521 4015 556 4081 δὲ
595 4012 646 4080 ὅτι
681 4016 816 4083 πάντων
850 4016 1038 4100 σοφώτατον
1076 4018 1093 4082 ὅ
1127 4003 1300 4105 Ἅριθμός’

143 4120 295 4211 δεύτερον
317 4122 355 4188 δὲ
386 4123 403 4186 ὅ
426 4138 491 4199 τοῖς
515 4122 686 4212 πράγμασι
709 4122 752 4188 τοὶ
777 4123 925 4208 ὀνόματα
949 4126 1087 4207 θέμενος
1111 4118 1165 4206 (=
1180 4121 1302 4190 Jambl.

142 4228 160 4292 l.
194 4227 252 4315 l.)·
303 4277 307 4290 .
362 4239 418 4294 καί
455 4229 514 4295 τὸν
552 4226 683 4314 σεισμόν
722 4226 921 4312 ἐγενεαλόγει
959 4226 1046 4297 εἶναι
1063 4243 1065 4252 ’
1085 4221 1184 4297 οὐδὲν
1221 4225 1302 4296 ἄλλο

142 4334 161 4422 ἢ
182 4335 320 4404 σύνοδον
342 4341 414 4402 τοῖν
430 4331 621 4402 τεθνεώτων
638 4333 685 4422 ·*)
711 4325 713 4329 ⁴
751 4331 794 4400 ‘H
816 4337 852 4402 δὲ
871 4329 958 4426 Ἰρις,
981 4333 1128 4417 ἔφασκεν,
1154 4334 1196 4414 οἷς
1220 4335 1301 4426 αι’»γῇ

250 4654 275 4727 *l
294 4655 337 4726 [cf.
356 4655 459 4728 Rohde,
477 4655 582 4724 Psyche
599 4670 624 4724 p.
642 4658 704 4727 453,
723 4655 758 4730 3.]
