3488 5584
916 464 1136 530 ...36-

450 687 507 748 τοοῗ
537 681 646 746 Ἡλίου
680 680 772 745 ε’στί·
887 690 943 744 καῖ
978 681 994 744 o‘
1031 679 1184 752 πολλάκις
1219 679 1393 764 ἐμπίπτων
1427 695 1492 755 τοῖς
1531 669 1611 742 aiolo

449 780 523 874 ἦχος
553 786 638 872 ηιωνη
669 788 735 851 τοῖν
767 785 981 873 κρειττόνων·
1021 821 1059 830 ·-
1096 821 1139 830 -
1170 822 1213 828 -
1238 821 1278 829 —-
1303 821 1347 832 -
1372 788 1411 828 -'-
1435 821 1479 829 -
1502 820 1545 826 —
1570 819 1612 828 -

451 904 646 982 προσέταττε
677 893 714 957 δὲ
743 885 762 953 ot
785 887 882 968 αὐτός
919 891 1125 980 Πειθαγόρας
1160 892 1297 980 καρδίας
1337 893 1526 970 ἀπέχεσθαι
1556 897 1612 955 καὶ

451 993 662 1082 α’λεκτρόονος
691 1000 806 1064 λευκοῦ
840 1006 896 1064 καὶ
926 1005 991 1064 τοῖν
1018 997 1216 1083 θνησειδίων
1248 998 1373 1076 παντός
1401 999 1528 1082 μᾶλλον
1556 1003 1613 1062 καὶ

450 1104 493 1191 μη
518 1113 661 1194 χρῆσθαι
683 1108 850 1194 βαλανείῳ
873 1105 957 1192 μηδὲ
979 1108 1129 1184 βαδίζειν
1151 1103 1212 1183 τοὶς
1234 1102 1435 1194 λεωφόρους·
1489 1098 1614 1190 ἄδηλον

450 1212 512 1296 γαρ
537 1220 566 1278 εἰ
595 1209 829 1300 καθαρεύουσι,
850 1210 902 1297 (z
926 1210 1046 1276 Jambl.
1073 1210 1091 1275 l.
1117 1210 1149 1298 l.)
1180 1223 1235 1278 καὶ
1266 1209 1351 1279 αὐτοὶ
1380 1213 1488 1278 ἒκεῖνα
1518 1208 1614 1295 (falso

451 1319 491 1383 V.
506 1319 593 1384 Rose
606 1317 705 1382 Arist.
723 1340 771 1403 ps,
793 1317 854 1382 199
878 1317 1092 1383 scribendum
1109 1339 1179 1382 esse
1196 1316 1276 1382 dicit
1291 1325 1361 1385 κατ’
1380 1313 1468 1386 αὐτοὶ
1480 1313 1614 1400 ἐκεῖνοι.)

556 1514 690 1578 Praeter
717 1513 778 1578 hos
806 1514 895 1578 loeos
923 1513 978 1578 alii
1010 1535 1144 1599 quoque
1175 1514 1370 1579 tribuuntur
1396 1512 1565 1577 Aristoteli
1595 1533 1615 1576 a

450 1621 531 1687 viris
555 1621 669 1699 doctis,
694 1619 752 1684 sed
774 1620 867 1699 falsa
896 1627 934 1685 ut
956 1620 1082 1706 opinor.

557 1728 610 1791 Sia
634 1727 674 1792 V.
689 1727 776 1792 Rose
799 1726 855 1791 Ar.
881 1749 929 1812 ps.
957 1751 989 1812 p.
1011 1729 1071 1792 199
1095 1728 1280 1793 Aristotelis
1303 1729 1530 1813 fragmentum
1559 1750 1613 1813 ap.

450 1834 487 1899 L.
505 1835 544 1898 D.
564 1834 654 1911 VIII,
672 1835 724 1898 34.
742 1836 785 1898 35
809 1842 988 1913 servatum,
1013 1835 1054 1900 de
1078 1856 1144 1920 quo
1167 1835 1236 1900 iam
1260 1836 1321 1920 egi,
1345 1831 1481 1900 initium
1496 1856 1616 1920 capere

400 1971 404 1978 ⁴
451 1948 563 2006 calloet
585 1941 606 2026 ξ
629 1942 671 2005 33
695 1941 773 2034 inde
796 1963 816 2006 a
838 1941 948 2007 verbis
971 1942 1069 2028 τιμοῖς
1093 1952 1184 2020 θεοῖς
1208 1945 1276 2010 δεῖν
1299 1948 1443 2028 νομίζειν
1471 1956 1617 2022 καὶτοῖς

450 2046 548 2138 ἣρωσι
572 2051 616 2135 μη
649 2047 709 2127 τοὶς
739 2055 810 2124 ttae
838 2052 925 2117 κτλ·
954 2057 1123 2135 praeterea
1152 2049 1320 2116 Aristoteli
1350 2049 1467 2115 tribuit
1491 2088 1530 2096 --
1556 2050 1613 2113 Ar.

451 2178 498 2241 ps.
524 2178 555 2240 p.
574 2156 636 2220 291
664 2193 703 2202 --
728 2155 927 2241 Hieronymi
951 2157 1145 2221 auotoritate
1168 2157 1262 2222 nisus
1285 2157 1407 2243 Porph.
1431 2179 1463 2224 v.
1494 2157 1529 2221 P.
1559 2157 1615 2234 42,

451 2262 675 2346 quodfalsum
690 2283 760 2327 esse
771 2262 996 2348 primusyidit
1007 2263 1044 2327 E.
1058 2263 1186 2342 Rohde,
1196 2265 1280 2330 Mus.
1294 2264 1357 2328 Rh.
1372 2264 1506 2330 XXVII
1522 2285 1553 2348 p.
1573 2265 1616 2328 33

451 2376 540 2447 not.;
566 2370 621 2434 Gr.
647 2369 743 2434 Rom.
770 2370 833 2434 255
857 2377 923 2434 not.

558 2477 651 2552 Quae
682 2477 753 2561 ipse
777 2476 814 2540 II.
839 2476 958 2541 Rohde
981 2477 1016 2540 iu
1041 2477 1162 2542 Laertii
1185 2477 1281 2562 Diog.
1313 2479 1383 2544 vita
1405 2479 1616 2564 Pythagorae

454 2605 494 2648 ex
518 2583 703 2647 Aristotelis
739 2582 823 2648 libro
857 2596 932 2673 περὶ
964 2593 1042 2653 πῖν’
1058 2593 1291 2675 Πυθαγορείων
1318 2585 1516 2670 deprompta
1545 2606 1617 2650 esse

452 2697 564 2755 censet
588 2727 628 2736 —
653 2690 689 2754 L.
715 2689 754 2754 D.
781 2690 872 2769 VIII,
900 2692 939 2755 19
963 2715 993 2777 p.
1020 2692 1094 2770 209,
1122 2693 1266 2771 11-25;
1298 2693 1339 2756 22
1364 2714 1411 2777 sq.
1437 2714 1469 2777 p.
1496 2693 1616 2770 209,39

453 2837 493 2845 -«
519 2796 755 2876 ‘horscmot
777 2837 830 2876 -—,
855 2819 930 2862 mea
953 2798 1090 2883 quidem
1114 2799 1278 2864 sententia
1300 2799 1343 2864 ad
1359 2799 1468 2864 solum
1491 2799 1616 2863 Aristo-

452 2905 550 2969 telem
586 2926 654 2968 uon
691 2904 840 2983 redeunt,
876 2905 934 2969 sed
969 2905 1011 2969 ad
1046 2905 1155 2972 varios
1187 2913 1347 2984 auctores,
1377 2906 1543 2991 imprimis
1573 2905 1617 2970 ad

454 3012 711 3090 Aristoxenum
737 3033 805 3096 qua
821 3012 861 3076 de
885 3033 919 3077 re
944 3014 983 3078 ol.
1010 3033 1096 3097 quae
1119 3013 1190 3098 ipse
1204 3012 1322 3078 Rohde
1346 3013 1386 3078 de
1412 3013 1512 3078 simili
1528 3014 1617 3078 Jam-

456 3119 558 3184 bliehi
581 3120 653 3183 loeo
678 3119 833 3184 disseruit
856 3120 899 3183 M.
924 3120 987 3184 Rh.
1013 3119 1157 3198 XXVII,
1181 3119 1283 3196 35s36
1301 3126 1333 3184 et
1349 3119 1449 3196 27l28
1467 3128 1500 3185 et
1515 3121 1617 3196 Diels,

454 3226 579 3290 Archiv
603 3227 624 3291 l.
651 3225 768 3290 Gesch.
794 3225 853 3291 der
875 3227 958 3290 Phil.
984 3227 1042 3305 III,
1067 3227 1130 3290 451
1156 3248 1222 3311 εη.;
1255 3227 1313 3291 sed
1344 3248 1422 3291 oum
1453 3226 1507 3290 his
1537 3226 1618 3290 loeis

454 3355 521 3397 nou
557 3333 597 3397 de
629 3333 711 3417 ipsis
748 3333 926 3397 aousmatis
959 3340 1086 3418 agatur,
1123 3333 1181 3397 sed
1205 3333 1245 3398 de
1269 3334 1477 3418 Pythagorae
1512 3334 1618 3419 ipsius

454 3439 590 3506 vivendi
615 3439 751 3517 ratione,
779 3439 862 3504 haee
885 3439 1155 3525 praetermittam.

1019 3657 1047 3700 a.

563 3761 669 3826 Laelt.
701 3760 795 3846 Diog.
822 3760 913 3839 VIII,
937 3761 997 3828 33:
1031 3760 1129 3849 τιμολς
1161 3770 1253 3842 θεοῖς
1286 3764 1354 3829 δεῖν
1386 3767 1530 3849 νομίζειν
1562 3772 1621 3830 καὶ

457 3879 525 3948 τοῖς
550 3868 647 3959 ἣρωσι
669 3871 713 3956 μη
738 3864 798 3948 τοῖς
820 3875 900 3950 ἴσας,
926 3868 1012 3934 ulto?
1037 3877 1128 3948 θεοῖς
1151 3862 1205 3935 αἐῖ
1226 3869 1293 3953 μετ’
1319 3872 1478 3956 εὐφημίας
1503 3873 1620 3951 λευχεν

393 4019 396 4026 ·
456 3984 635 4059 μονοΐιντας
669 3988 724 4042 καῖ
757 3972 964 4059 ἁγνεύοντας,
988 3972 1087 4066 ἥρωσι
1112 3978 1139 4044 δ’
1177 3975 1245 4043 α’πδ
1277 3987 1374 4062 μέσου
1397 3972 1620 4064 ἧμίραςπην

448 4085 486 4170 ,δ’
506 4087 643 4167 ἁγνείαν
667 4086 751 4150 εἶναι
768 4079 822 4149 διοέ
840 4088 1028 4173 καθαρμῶν
1044 4095 1100 4150 καῖ
1115 4087 1257 4175 λουτρῶν
1274 4097 1329 4152 καῖ
1346 4087 1621 4174 περιρραντηρίων

458 4203 514 4258 καῖ
532 4189 586 4256 διά
603 4198 661 4258 τοῦ
677 4191 882 4276 καθαρεόειν
899 4192 969 4274 οἷπό
981 4219 1016 4258 τε
1032 4188 1148 4276 κήδους
1164 4202 1220 4258 καὶ
1236 4195 1346 4277 λεχοῦς
1366 4203 1422 4257 καὶ
1437 4188 1620 4280 μιάσματος

459 4299 585 4376 παντὸς
628 4306 685 4365 καῖ
732 4299 919 4377 όπίχεσθαι
954 4297 1089 4386 βρωτῶν
1124 4300 1321 4386 θνησειδίων
1364 4327 1398 4364 τε
1430 4303 1533 4390 κρεῶν
1564 4312 1621 4365 καῖ

453 4389 595 4494 τριγλῶν
629 4417 684 4470 καῖ
717 4394 928 4489 μελανούρων
961 4417 1016 4471 καῖ
1052 4399 1124 4493 ᾤ’ων
1159 4416 1213 4471 καῖ
1246 4406 1313 4472 τῶν
1348 4398 1496 4495 ῳότόκων
1531 4409 1621 4496 ζῴων

378 4567 383 4578 .
459 4524 515 4577 καῖ
548 4509 681 4597 κυάμων
704 4523 760 4576 καὶ
783 4519 850 4577 τοῖν
882 4511 992 4577 ἄλλων
1025 4504 1074 4578 τόν
1107 4509 1387 4601 παρακελεύονται
1422 4524 1477 4579 καῖ
1511 4519 1540 4579 ολ
1563 4511 1622 4588 τοὶς

460 4615 597 4696 τιλετδς
621 4621 657 4687 ἐν
691 4636 756 4699 τοῖς
790 4624 884 4706 ἱεροῖς
917 4620 1139 4701 ἐπιτελοῦντες
1156 4640 1163 4655 ’
1180 4629 1256 4709 ηιησῖ
1277 4620 1304 4684 δ’
1319 4619 1535 4712 Ἀριστοτέλης
1550 4632 1623 4716 περὶ
