3488 5584
407 644 449 688 ex
487 622 610 708 quibus
644 621 845 709 pendebant,
882 643 980 708 saepe
1015 621 1102 687 inter
1136 641 1171 687 se
1205 620 1413 700 differebant,
1452 627 1566 685 utrum

407 731 540 816 singula
562 736 738 817 praecepta
761 736 847 795 recte
863 729 1070 816 Pythagorae
1086 728 1311 794 tribuerentur
1333 749 1445 794 necne.
1479 728 1567 793 Nam

407 858 485 903 cum
509 837 701 903 Aristoteles
735 842 847 903 narret
877 837 1101 922 Pythagoram
1135 835 1221 901 sicut
1254 858 1327 901 mos
1357 840 1427 901 erat
1450 834 1567 921 Orphi-

408 966 523 1010 corum
545 943 745 1010 abstinuisse
767 943 853 1010 labis
883 943 1029 1024 edendis,
1063 943 1254 1008 Aristoxeni
1287 950 1437 1009 auctores
1471 942 1567 1009 vehe-

408 1051 614 1117 mentissime
637 1051 725 1117 hane
747 1051 940 1137 opinionem
963 1051 1200 1136 impugnantes
1222 1050 1447 1137 Pythagoram
1475 1048 1567 1114 nullo

407 1159 598 1244 legumento
621 1159 754 1244 saepius
778 1165 810 1223 et
831 1157 988 1224 libentius
1011 1179 1111 1223 usum
1141 1178 1213 1223 esse
1236 1156 1443 1236 contendunt
1465 1177 1568 1242 quam

407 1265 530 1353 fabisfi)
564 1265 720 1330 Eundem
741 1265 778 1330 in
801 1264 941 1330 modum
956 1264 1148 1340 Aristoteles
1172 1271 1204 1330 et
1220 1264 1438 1330 Aristoxenus
1460 1263 1568 1350 perhi-

408 1372 488 1438 bont
496 1372 720 1458 Pythagoram
731 1393 847 1438 eorum
856 1378 987 1437 tantum
998 1371 1194 1436 animalium
1204 1393 1303 1437 carne
1312 1377 1570 1438 utvescerentur

411 1479 621 1559 concessisse,
646 1500 732 1564 quae
748 1478 818 1544 deis
834 1479 1106 1559 sacrificarentur,
1130 1477 1188 1543 alii
1203 1484 1353 1544 auctores
1368 1477 1568 1544 Aristoxeno

409 1587 564 1672 aequales
575 1585 597 1674 ⁷)
630 1587 782 1652 omniurn
804 1586 1029 1652 animantium
1062 1606 1160 1651 carne
1183 1585 1382 1652 abstinuisse
1405 1586 1568 1672 Pythago-

408 1715 481 1759 ram
518 1693 675 1758 releru'nt.
738 1692 792 1758 Sic
829 1714 906 1779 pars
944 1699 1119 1760 auctorum
1156 1693 1381 1779 Pythagoram
1424 1693 1569 1760 vetuisse

409 1806 523 1866 narrat
544 1799 740 1866 mulieribus
764 1801 818 1870 uti
836 1799 1026 1886 discipulos,
1062 1791 1118 1865 alii
1152 1805 1185 1865 et
1217 1800 1414 1867 vetustiores
1449 1805 1482 1866 et
1503 1799 1569 1866 fide

410 1907 577 1992 digniores
611 1907 675 1992 ipsi
706 1907 915 1993 Pythagorae
949 1907 1123 1972 mulierem
1158 1914 1191 1972 et
1223 1906 1343 1974 liberos
1376 1905 1571 1994 tribuuntfl)

410 2013 575 2081 Videmus
598 2014 700 2098 igitur
723 2035 778 2080 eos
801 2021 961 2093 auctores,
997 2015 1053 2100 qui
1086 2035 1127 2080 ex
1149 2013 1230 2100 ipsis
1254 2015 1470 2101 Pythagoreis
1493 2035 1570 2100 pcn-

409 2120 499 2201 dent,
534 2127 603 2186 tam
626 2121 736 2188 varias
760 2121 880 2186 referre
914 2120 955 2186 de
978 2121 1168 2207 Pythagora
1203 2121 1419 2201 narrationes,
1454 2128 1493 2187 ut
1523 2121 1571 2186 eis

409 2235 543 2294 tantum
574 2228 611 2292 in
645 2227 744 2294 rebus
777 2227 842 2294 fide
865 2228 959 2314 digni
981 2227 1127 2293 habendi
1150 2229 1226 2306 sint,
1262 2228 1385 2315 quibus
1417 2229 1504 2294 inter
1535 2249 1571 2294 se

411 2355 527 2400 omnes
550 2335 768 2400 consentiant.

518 2441 583 2507 Sed
614 2462 724 2528 pauca
752 2447 840 2521 sunt,
864 2462 950 2527 quae
980 2441 1027 2506 ita
1056 2440 1097 2506 de
1126 2463 1208 2509 vera
1228 2441 1437 2528 Pythagorae
1464 2441 1572 2528 ipsius

398 2539 562 2616 ¹doctrina
595 2548 826 2634 societatisque
849 2547 1089 2634 Pythagoricae
1116 2547 1227 2614 indole
1257 2554 1419 2614 constant.
1479 2549 1573 2614 Com-

411 2655 570 2742 probatur
593 2655 683 2720 enim
706 2655 853 2720 Platonis
876 2653 1041 2740 imprimis
1065 2661 1097 2720 et
1119 2653 1305 2720 Aristotelis
1328 2662 1361 2720 et
1382 2655 1575 2722 Aristoxeni

411 2762 609 2840 testimoniis
619 2761 896 2848 „Pythagoricam
903 2783 971 2849 non
981 2762 1229 2848 philosophiam
1241 2762 1413 2841 exstitisse,
1432 2761 1490 2828 scd
1499 2769 1575 2844 βίον

412 2871 655 2959 Πυθαγορικόν,
673 2889 741 2933 non
765 2874 835 2934 tam
857 2869 1073 2954 philosophos
1096 2869 1199 2934 hrisse
1214 2868 1451 2955 Pythagoreos,
1470 2891 1574 2955 quam

413 2976 589 3062 sapientes,
613 2975 804 3040 nullatcnus
838 2981 951 3041 autem
974 2996 1083 3061 neque
1117 2975 1292 3062 scriptores
1315 2997 1425 3062 neque
1458 2976 1574 3042 dialec-

412 3083 526 3161 ticos“,
542 3084 565 3172 ⁹)
590 3089 623 3147 et
644 3088 821 3168 praecepta
843 3083 1052 3168 Pythagorae
1075 3104 1144 3148 non
1174 3083 1374 3169 pertinuisse
1397 3082 1440 3148 ad
1462 3083 1574 3169 physi-

413 3211 487 3255 cam
519 3191 573 3256 vel
603 3189 746 3254 ethicam
779 3188 1035 3275 philosophiam,
1070 3188 1128 3255 sed
1156 3189 1313 3275 religiosa
1345 3190 1511 3275 quaedam
1542 3195 1576 3256 et

413 3297 642 3383 superstitiosa
672 3295 831 3382 dogmata
864 3295 1067 3361 continuisse
1101 3297 1194 3363 velut
1225 3296 1266 3361 de
1301 3297 1499 3382 migratione
1532 3296 1577 3384 (et

412 3402 671 3491 immortalitate)
689 3403 878 3468 animarum
890 3401 928 3487 ¹⁰)
952 3408 984 3467 et
998 3403 1087 3488 leges
1104 3404 1233 3489 aliquas
1249 3405 1469 3489 purgatorias,
1494 3425 1575 3490 qua·

413 3511 461 3576 les
495 3509 632 3596 Orphici
667 3509 929 3576 observaverunt
942 3509 988 3598 ¹¹).
1045 3510 1121 3596 lpse
1155 3531 1234 3577 vero
1266 3511 1472 3597 Pythagoras
1506 3533 1576 3577 non

413 3618 532 3704 primis
556 3617 760 3682 Graecorum
783 3617 990 3702 philosophis
1020 3617 1295 3683 adnumerandus
1318 3625 1376 3698 est,
1413 3617 1471 3684 sed
1505 3619 1576 3684 reli-

415 3715 524 3812 gionis
540 3724 605 3790 illis
628 3723 865 3804 conditoribus,
883 3745 1027 3810 quorum
1044 3724 1156 3810 plures
1172 3725 1382 3810 protulerunt
1396 3725 1578 3812 septimum

475 3989 477 3996 ·
521 3973 543 4043 ⁰)
561 3974 675 4046 Gellius,
694 3981 765 4030 noct.
784 3974 860 4030 attic.
879 3974 932 4045 IV,
952 3979 983 4028 11
1003 3991 1030 4043 p.
1050 3977 1100 4028 987
1121 3975 1162 4029 ed.
1182 3974 1278 4033 Hertz.

522 4062 544 4132 ⁷)
562 4064 691 4118 Eudoxus
718 4079 762 4132 ap.
791 4064 890 4132 Porph.
916 4080 942 4121 r.
972 4063 1003 4121 P.
1032 4065 1056 4118 ’1.
1086 4061 1141 4121 cd²
1165 4064 1262 4119 Nauck
1288 4071 1316 4120 at
1341 4065 1509 4122 Onesicritus
1534 4082 1577 4135 ap.

416 4151 506 4208 Strab.
525 4152 589 4222 XV,
610 4158 633 4222 l,
653 4158 685 4208 85
704 4169 730 4220 p.
751 4155 810 4208 716.
831 4153 890 4207 Cas.
911 4156 970 4207 997.
990 4152 1029 4208 Μ.

523 4239 545 4309 ⁸)
563 4242 653 4296 Zeller
670 4259 695 4310 p.
715 4247 765 4297 818
786 4248 814 4297 et
832 4241 947 4310 saepius.

522 4329 544 4400 θ)
564 4331 625 4386 Val.
644 4331 725 4400 Rosa,
743 4331 906 4386 Aristoteles
924 4329 1173 4399 pseudepigraphus
1191 4333 1320 4391 XXXVI
1338 4350 1363 4401 p.
1384 4339 1444 4391 193.

525 4419 557 4488 ¹⁰)
576 4419 755 4487 Xenophanes
774 4436 816 4488 ap.
836 4420 928 4474 Laert.
949 4419 1030 4488 Diog.
1049 4419 1135 4491 VIII,
1154 4426 1196 4480 36.

525 4507 558 4577 ¹¹)
577 4508 707 4567 Herodot.
736 4509 777 4580 II,
813 4514 863 4563 199
892 4514 921 4563 et
956 4508 1070 4577 saepius.
1114 4510 1147 4568 of.
1175 4511 1272 4580 Zeller,
1307 4511 1481 4567 Berlhka'd.
1511 4516 1578 4568 1889

416 4613 443 4674 p.
462 4601 514 4653 988
533 4613 592 4668 sqq.
