<?xml version="1.0" encoding="UTF-8"?>
<!DOCTYPE html PUBLIC "-//W3C//DTD XHTML 1.0 Transitional//EN"
    "http://www.w3.org/TR/xhtml1/DTD/xhtml1-transitional.dtd">
<html xmlns="http://www.w3.org/1999/xhtml" xml:lang="en" lang="en">
 <head>
  <title>
</title>
<meta http-equiv="Content-Type" content="text/html;charset=utf-8" />
  <meta name='ocr-system' content='tesseract 3.04.00' />
  <meta name='ocr-capabilities' content='ocr_page ocr_carea ocr_par ocr_line ocrx_word'/>
</head>
<body>
  <div class='ocr_page' id='page_1' title='image "./deacusmatissive00hlgoog_0020.png"; bbox 0 0 3488 5584; ppageno 0'>
   <div class='ocr_carea' id='block_1_1' title="bbox 654 435 873 499">
    <p class='ocr_par' dir='ltr' id='par_1_1' title="bbox 654 435 873 499">
     <span class='ocr_line' id='line_1_1' title="bbox 654 435 873 499; baseline -0.014 -14"><span class='ocrx_word' id='word_1_1' title='bbox 654 435 873 499; x_wconf 73' lang='grc'>-13-</span> 
     </span>
    </p>
   </div>
   <div class='ocr_carea' id='block_1_2' title="bbox 93 629 1354 4686">
    <p class='ocr_par' dir='ltr' id='par_1_2' title="bbox 185 629 1354 1573">
     <span class='ocr_line' id='line_1_2' title="bbox 185 629 1352 721; baseline 0 -25"><span class='ocrx_word' id='word_1_2' title='bbox 185 629 343 696; x_wconf 71' lang='lat' dir='ltr'><strong>scribitur</strong></span> <span class='ocrx_word' id='word_1_3' title='bbox 373 632 605 721; x_wconf 75' lang='grc' dir='ltr'><strong><em>προτρεπτικὸς</em></strong></span> <span class='ocrx_word' id='word_1_4' title='bbox 640 638 685 710; x_wconf 86' lang='grc' dir='ltr'>είς</span> <span class='ocrx_word' id='word_1_5' title='bbox 708 634 908 718; x_wconf 74' lang='grc' dir='ltr'><strong><em>φιλοσοφίαν,</em></strong></span> <span class='ocrx_word' id='word_1_6' title='bbox 945 630 1157 717; x_wconf 79' lang='lat' dir='ltr'>appellantur</span> <span class='ocrx_word' id='word_1_7' title='bbox 1191 629 1352 716; x_wconf 88' lang='lat' dir='ltr'>symbola.</span> 
     </span>
     <span class='ocr_line' id='line_1_3' title="bbox 185 737 1353 823; baseline 0.001 -20"><span class='ocrx_word' id='word_1_8' title='bbox 185 738 242 804; x_wconf 83' lang='lat' dir='ltr'>Sic</span> <span class='ocrx_word' id='word_1_9' title='bbox 270 759 357 823; x_wconf 91' lang='lat' dir='ltr'>quae</span> <span class='ocrx_word' id='word_1_10' title='bbox 385 737 477 823; x_wconf 91' lang='lat' dir='ltr'>apud</span> <span class='ocrx_word' id='word_1_11' title='bbox 503 737 610 802; x_wconf 87' lang='lat' dir='ltr'>Lacrt.</span> <span class='ocrx_word' id='word_1_12' title='bbox 639 738 735 822; x_wconf 85' lang='lat' dir='ltr'>Diog.</span> <span class='ocrx_word' id='word_1_13' title='bbox 762 737 854 816; x_wconf 88' lang='lat' dir='ltr'>VIII,</span> <span class='ocrx_word' id='word_1_14' title='bbox 882 739 920 801; x_wconf 82' lang='lat'>17</span> <span class='ocrx_word' id='word_1_15' title='bbox 953 744 985 803; x_wconf 91' lang='lat' dir='ltr'>et</span> <span class='ocrx_word' id='word_1_16' title='bbox 1008 738 1168 823; x_wconf 89' lang='lat' dir='ltr'>Porphyr.</span> <span class='ocrx_word' id='word_1_17' title='bbox 1193 761 1223 804; x_wconf 83' lang='lat' dir='ltr'>y:</span> <span class='ocrx_word' id='word_1_18' title='bbox 1249 739 1285 802; x_wconf 93' lang='lat' dir='ltr'>P.</span> <span class='ocrx_word' id='word_1_19' title='bbox 1310 739 1353 804; x_wconf 72' lang='lat'>42</span> 
     </span>
     <span class='ocr_line' id='line_1_4' title="bbox 185 844 1354 931; baseline 0 -19"><span class='ocrx_word' id='word_1_20' title='bbox 185 845 336 931; x_wconf 75' lang='grc' dir='ltr'><strong><em>σύμβολα</em></strong></span> <span class='ocrx_word' id='word_1_21' title='bbox 368 845 534 923; x_wconf 82' lang='lat' dir='ltr'>dicuntur,</span> <span class='ocrx_word' id='word_1_22' title='bbox 567 845 662 909; x_wconf 91' lang='lat' dir='ltr'>aPs.</span> <span class='ocrx_word' id='word_1_23' title='bbox 696 845 874 910; x_wconf 77' lang='lat' dir='ltr'>Plutarcho</span> <span class='ocrx_word' id='word_1_24' title='bbox 903 845 943 910; x_wconf 91' lang='lat' dir='ltr'>de</span> <span class='ocrx_word' id='word_1_25' title='bbox 975 844 1103 910; x_wconf 86' lang='lat' dir='ltr'>educat.</span> <span class='ocrx_word' id='word_1_26' title='bbox 1136 867 1228 931; x_wconf 90' lang='lat' dir='ltr'>puer.</span> <span class='ocrx_word' id='word_1_27' title='bbox 1257 847 1307 926; x_wconf 80' lang='lat'>17,</span> <span class='ocrx_word' id='word_1_28' title='bbox 1334 867 1354 912; x_wconf 90' lang='lat' dir='ltr'>a</span> 
     </span>
     <span class='ocr_line' id='line_1_5' title="bbox 185 951 1354 1042; baseline 0.001 -26"><span class='ocrx_word' id='word_1_29' title='bbox 185 952 357 1017; x_wconf 81' lang='lat' dir='ltr'>Demetrio</span> <span class='ocrx_word' id='word_1_30' title='bbox 370 951 555 1038; x_wconf 83' lang='lat' dir='ltr'>Byzantina</span> <span class='ocrx_word' id='word_1_31' title='bbox 572 954 609 1021; x_wconf 73' lang='grc' dir='ltr'><strong><em>ἐν</em></strong></span> <span class='ocrx_word' id='word_1_32' title='bbox 618 954 761 1042; x_wconf 80' lang='grc' dir='ltr'><strong><em>τετάρτῳ</em></strong></span> <span class='ocrx_word' id='word_1_33' title='bbox 779 964 852 1041; x_wconf 75' lang='grc' dir='ltr'><strong><em>περὶ</em></strong></span> <span class='ocrx_word' id='word_1_34' title='bbox 869 951 1063 1040; x_wconf 75' lang='grc' dir='ltr'><strong><em>ποιημάτων</em></strong></span> <span class='ocrx_word' id='word_1_35' title='bbox 1078 973 1131 1037; x_wconf 91' lang='lat' dir='ltr'>ap.</span> <span class='ocrx_word' id='word_1_36' title='bbox 1141 952 1354 1018; x_wconf 87' lang='lat' dir='ltr'>Athenaeum</span> 
     </span>
     <span class='ocr_line' id='line_1_6' title="bbox 185 1058 1354 1148; baseline 0.005 -25"><span class='ocrx_word' id='word_1_37' title='bbox 185 1059 230 1138; x_wconf 84' lang='lat' dir='ltr'>X,</span> <span class='ocrx_word' id='word_1_38' title='bbox 254 1060 320 1124; x_wconf 81' lang='lat'>452</span> <span class='ocrx_word' id='word_1_39' title='bbox 344 1058 376 1123; x_wconf 94' lang='lat' dir='ltr'>d.</span> <span class='ocrx_word' id='word_1_40' title='bbox 401 1080 439 1138; x_wconf 87' lang='lat' dir='ltr'>e,</span> <span class='ocrx_word' id='word_1_41' title='bbox 472 1058 513 1124; x_wconf 92' lang='lat' dir='ltr'>ab</span> <span class='ocrx_word' id='word_1_42' title='bbox 545 1058 746 1144; x_wconf 85' lang='lat' dir='ltr'>Androcyde</span> <span class='ocrx_word' id='word_1_43' title='bbox 781 1080 833 1144; x_wconf 91' lang='lat' dir='ltr'>ap.</span> <span class='ocrx_word' id='word_1_44' title='bbox 867 1059 1084 1145; x_wconf 83' lang='lat' dir='ltr'>Tryphonem</span> <span class='ocrx_word' id='word_1_45' title='bbox 1115 1069 1190 1144; x_wconf 75' lang='grc' dir='ltr'><strong><em>περὶ</em></strong></span> <span class='ocrx_word' id='word_1_46' title='bbox 1223 1059 1354 1148; x_wconf 85' lang='grc' dir='ltr'><strong><em>τρόποιν</em></strong></span> 
     </span>
     <span class='ocr_line' id='line_1_7' title="bbox 185 1163 1351 1264; baseline 0.002 -34"><span class='ocrx_word' id='word_1_47' title='bbox 185 1166 248 1252; x_wconf 88' lang='lat' dir='ltr'>(ed.</span> <span class='ocrx_word' id='word_1_48' title='bbox 275 1166 378 1245; x_wconf 85' lang='lat' dir='ltr'>Walz,</span> <span class='ocrx_word' id='word_1_49' title='bbox 404 1166 485 1230; x_wconf 93' lang='lat' dir='ltr'>rhet.</span> <span class='ocrx_word' id='word_1_50' title='bbox 510 1167 616 1250; x_wconf 85' lang='lat' dir='ltr'>graec.</span> <span class='ocrx_word' id='word_1_51' title='bbox 642 1163 735 1244; x_wconf 87' lang='lat' dir='ltr'>VIII,</span> <span class='ocrx_word' id='word_1_52' title='bbox 761 1166 825 1264; x_wconf 55' lang='lat'>734</span> <span class='ocrx_word' id='word_1_53' title='bbox 849 1187 937 1251; x_wconf 87' lang='lat' dir='ltr'>sqq.;</span> <span class='ocrx_word' id='word_1_54' title='bbox 975 1165 1128 1252; x_wconf 83' lang='lat' dir='ltr'>Spengel,</span> <span class='ocrx_word' id='word_1_55' title='bbox 1153 1166 1201 1230; x_wconf 92' lang='lat' dir='ltr'>rh.</span> <span class='ocrx_word' id='word_1_56' title='bbox 1226 1189 1274 1252; x_wconf 83' lang='lat' dir='ltr'>gr.</span> <span class='ocrx_word' id='word_1_57' title='bbox 1293 1167 1351 1244; x_wconf 90' lang='lat' dir='ltr'>III,</span> 
     </span>
     <span class='ocr_line' id='line_1_8' title="bbox 188 1272 1352 1361; baseline 0.001 -24"><span class='ocrx_word' id='word_1_58' title='bbox 188 1273 323 1361; x_wconf 73' lang='lat' dir='ltr'>masal)</span> <span class='ocrx_word' id='word_1_59' title='bbox 347 1280 528 1360; x_wconf 80' lang='grc' dir='ltr'><strong><em>αἰνίγματα</em></strong></span> <span class='ocrx_word' id='word_1_60' title='bbox 559 1272 787 1350; x_wconf 89' lang='lat' dir='ltr'>nominantur,</span> <span class='ocrx_word' id='word_1_61' title='bbox 818 1273 983 1358; x_wconf 86' lang='lat' dir='ltr'>quamvis,</span> <span class='ocrx_word' id='word_1_62' title='bbox 1008 1278 1046 1337; x_wconf 90' lang='lat' dir='ltr'>ut</span> <span class='ocrx_word' id='word_1_63' title='bbox 1075 1279 1189 1358; x_wconf 89' lang='lat' dir='ltr'>postea</span> <span class='ocrx_word' id='word_1_64' title='bbox 1219 1273 1352 1339; x_wconf 90' lang='lat' dir='ltr'>demon·</span> 
     </span>
     <span class='ocr_line' id='line_1_9' title="bbox 186 1379 1352 1459; baseline 0 -13"><span class='ocrx_word' id='word_1_65' title='bbox 186 1380 355 1459; x_wconf 84' lang='lat' dir='ltr'>strabitur,</span> <span class='ocrx_word' id='word_1_66' title='bbox 386 1380 479 1445; x_wconf 91' lang='lat' dir='ltr'>haud</span> <span class='ocrx_word' id='word_1_67' title='bbox 510 1379 610 1445; x_wconf 89' lang='lat' dir='ltr'>dubie</span> <span class='ocrx_word' id='word_1_68' title='bbox 640 1401 680 1444; x_wconf 88' lang='lat' dir='ltr'>ex</span> <span class='ocrx_word' id='word_1_69' title='bbox 712 1379 829 1444; x_wconf 90' lang='lat' dir='ltr'>eodem</span> <span class='ocrx_word' id='word_1_70' title='bbox 860 1381 952 1445; x_wconf 77' lang='lat' dir='ltr'>fonte</span> <span class='ocrx_word' id='word_1_71' title='bbox 984 1401 1100 1444; x_wconf 89' lang='lat' dir='ltr'>omnes</span> <span class='ocrx_word' id='word_1_72' title='bbox 1134 1380 1169 1444; x_wconf 90' lang='lat' dir='ltr'>hi</span> <span class='ocrx_word' id='word_1_73' title='bbox 1201 1389 1352 1446; x_wconf 85' lang='lat' dir='ltr'>auctores</span> 
     </span>
     <span class='ocr_line' id='line_1_10' title="bbox 185 1487 553 1573; baseline -0.003 -21"><span class='ocrx_word' id='word_1_74' title='bbox 185 1487 369 1566; x_wconf 78' lang='lat' dir='ltr'>hauserint,</span> <span class='ocrx_word' id='word_1_75' title='bbox 394 1493 432 1552; x_wconf 87' lang='lat' dir='ltr'>ut</span> <span class='ocrx_word' id='word_1_76' title='bbox 454 1509 480 1552; x_wconf 89' lang='lat' dir='ltr'>e.</span> <span class='ocrx_word' id='word_1_77' title='bbox 506 1509 553 1573; x_wconf 85' lang='lat' dir='ltr'>gr.</span> 
     </span>
    </p>

    <p class='ocr_par' dir='ltr' id='par_1_3' title="bbox 455 1591 880 1684">
     <span class='ocr_line' id='line_1_11' title="bbox 455 1591 880 1684; baseline -0.002 -21"><span class='ocrx_word' id='word_1_78' title='bbox 455 1596 551 1678; x_wconf 83' lang='grc' dir='ltr'><strong><em>ζυγδν</em></strong></span> <span class='ocrx_word' id='word_1_79' title='bbox 574 1591 618 1682; x_wconf 75' lang='grc' dir='ltr'>μή</span> <span class='ocrx_word' id='word_1_80' title='bbox 643 1591 880 1684; x_wconf 84' lang='grc' dir='ltr'><strong><em>ύπερβαίνειν·</em></strong></span> 
     </span>
    </p>

    <p class='ocr_par' dir='ltr' id='par_1_4' title="bbox 452 1700 984 1788">
     <span class='ocr_line' id='line_1_12' title="bbox 452 1700 984 1788; baseline 0 -19"><span class='ocrx_word' id='word_1_81' title='bbox 452 1703 508 1769; x_wconf 72' lang='grc' dir='ltr'>ἐπὶ</span> <span class='ocrx_word' id='word_1_82' title='bbox 530 1714 670 1788; x_wconf 85' lang='grc' dir='ltr'><strong><em>χοίνικος</em></strong></span> <span class='ocrx_word' id='word_1_83' title='bbox 692 1700 735 1788; x_wconf 71' lang='grc' dir='ltr'>μὴ</span> <span class='ocrx_word' id='word_1_84' title='bbox 760 1706 958 1788; x_wconf 83' lang='grc' dir='ltr'><strong><em>καθῆσθαι·</em></strong></span> <span class='ocrx_word' id='word_1_85' title='bbox 978 1757 984 1768; x_wconf 86' lang='grc'><strong>.</strong></span> 
     </span>
    </p>

    <p class='ocr_par' dir='ltr' id='par_1_5' title="bbox 453 1800 1084 1900">
     <span class='ocr_line' id='line_1_13' title="bbox 453 1800 1084 1900; baseline -0.011 -22"><span class='ocrx_word' id='word_1_86' title='bbox 453 1812 521 1899; x_wconf 79' lang='grc' dir='ltr'>πῦρ</span> <span class='ocrx_word' id='word_1_87' title='bbox 543 1823 694 1900; x_wconf 76' lang='grc' dir='ltr'><strong><em>μαχαίρᾳ</em></strong></span> <span class='ocrx_word' id='word_1_88' title='bbox 716 1807 761 1896; x_wconf 75' lang='grc' dir='ltr'><em>μή</em></span> <span class='ocrx_word' id='word_1_89' title='bbox 787 1800 974 1877; x_wconf 70' lang='grc' dir='ltr'><strong><em>σκαλεύειν·</em></strong></span> <span class='ocrx_word' id='word_1_90' title='bbox 1011 1808 1084 1873; x_wconf 86' lang='lat' dir='ltr'>alia.</span> 
     </span>
    </p>

    <p class='ocr_par' dir='ltr' id='par_1_6' title="bbox 185 1914 1349 2219">
     <span class='ocr_line' id='line_1_14' title="bbox 294 1914 1349 2003; baseline 0.004 -23"><span class='ocrx_word' id='word_1_91' title='bbox 294 1915 465 1980; x_wconf 90' lang='lat' dir='ltr'>Permulta</span> <span class='ocrx_word' id='word_1_92' title='bbox 487 1937 585 2001; x_wconf 88' lang='lat' dir='ltr'>porro</span> <span class='ocrx_word' id='word_1_93' title='bbox 609 1915 731 1980; x_wconf 91' lang='lat' dir='ltr'>horum</span> <span class='ocrx_word' id='word_1_94' title='bbox 755 1914 930 1992; x_wconf 90' lang='lat' dir='ltr'>dictorum,</span> <span class='ocrx_word' id='word_1_95' title='bbox 956 1936 1043 2000; x_wconf 91' lang='lat' dir='ltr'>quae</span> <span class='ocrx_word' id='word_1_96' title='bbox 1059 1915 1113 1980; x_wconf 90' lang='lat' dir='ltr'>hic</span> <span class='ocrx_word' id='word_1_97' title='bbox 1129 1915 1184 1982; x_wconf 82' lang='lat' dir='ltr'>vel</span> <span class='ocrx_word' id='word_1_98' title='bbox 1200 1918 1349 2003; x_wconf 75' lang='grc' dir='ltr'><strong><em>σύμβολα</em></strong></span> 
     </span>
     <span class='ocr_line' id='line_1_15' title="bbox 185 2005 1349 2110; baseline 0.002 -21"><span class='ocrx_word' id='word_1_99' title='bbox 185 2023 240 2089; x_wconf 90' lang='lat' dir='ltr'>vel</span> <span class='ocrx_word' id='word_1_100' title='bbox 264 2029 448 2108; x_wconf 82' lang='grc' dir='ltr'><strong><em>αἰνίγματα</em></strong></span> <span class='ocrx_word' id='word_1_101' title='bbox 464 2005 636 2102; x_wconf 88' lang='lat' dir='ltr'>vocantur,</span> <span class='ocrx_word' id='word_1_102' title='bbox 654 2021 745 2108; x_wconf 90' lang='lat' dir='ltr'>apud</span> <span class='ocrx_word' id='word_1_103' title='bbox 760 2021 880 2088; x_wconf 85' lang='lat' dir='ltr'>Jambl.</span> <span class='ocrx_word' id='word_1_104' title='bbox 895 2045 925 2088; x_wconf 89' lang='lat' dir='ltr'>v.</span> <span class='ocrx_word' id='word_1_105' title='bbox 944 2023 979 2086; x_wconf 92' lang='lat' dir='ltr'>P.</span> <span class='ocrx_word' id='word_1_106' title='bbox 998 2023 1039 2087; x_wconf 79' lang='lat'>82</span> <span class='ocrx_word' id='word_1_107' title='bbox 1064 2045 1136 2108; x_wconf 89' lang='lat' dir='ltr'>sqq.</span> <span class='ocrx_word' id='word_1_108' title='bbox 1155 2023 1349 2110; x_wconf 85' lang='grc' dir='ltr'><strong><em>οἷκούσματα</em></strong></span> 
     </span>
     <span class='ocr_line' id='line_1_16' title="bbox 188 2129 1282 2219; baseline -0.002 -23"><span class='ocrx_word' id='word_1_109' title='bbox 188 2131 492 2210; x_wconf 80' lang='lat' dir='ltr'>nominantur,·ut:</span> <span class='ocrx_word' id='word_1_110' title='bbox 517 2133 554 2198; x_wconf 84' lang='grc' dir='ltr'><strong><em>ού</em></strong></span> <span class='ocrx_word' id='word_1_111' title='bbox 572 2133 623 2197; x_wconf 81' lang='grc' dir='ltr'>δεῖ</span> <span class='ocrx_word' id='word_1_112' title='bbox 643 2129 702 2210; x_wconf 72' lang='grc' dir='ltr'>τοὶς</span> <span class='ocrx_word' id='word_1_113' title='bbox 725 2131 904 2219; x_wconf 71' lang='grc' dir='ltr'><strong><em>λεωφόρους</em></strong></span> <span class='ocrx_word' id='word_1_114' title='bbox 926 2132 1074 2209; x_wconf 77' lang='grc' dir='ltr'><strong><em>βαδίζειν</em></strong></span> <span class='ocrx_word' id='word_1_115' title='bbox 1098 2130 1192 2206; x_wconf 78' lang='grc' dir='ltr'><strong><em>ὁδούς</em></strong></span> <span class='ocrx_word' id='word_1_116' title='bbox 1216 2134 1282 2198; x_wconf 89' lang='grc' dir='ltr'><strong><em>κτλ.</em></strong></span> 
     </span>
    </p>

    <p class='ocr_par' dir='ltr' id='par_1_7' title="bbox 346 2238 1168 2436">
     <span class='ocr_line' id='line_1_17' title="bbox 346 2238 1159 2327; baseline 0 -23"><span class='ocrx_word' id='word_1_117' title='bbox 346 2251 476 2324; x_wconf 80' lang='grc' dir='ltr'><strong><em>φορτίον</em></strong></span> <span class='ocrx_word' id='word_1_118' title='bbox 497 2238 541 2326; x_wconf 71' lang='grc' dir='ltr'>μή</span> <span class='ocrx_word' id='word_1_119' title='bbox 566 2245 814 2327; x_wconf 85' lang='grc' dir='ltr'><strong><em>συγκαθαιρεῖν,</em></strong></span> <span class='ocrx_word' id='word_1_120' title='bbox 839 2245 1089 2305; x_wconf 66' lang='grc' dir='ltr'><strong><em>συνεπιτιθέναι</em></strong></span> <span class='ocrx_word' id='word_1_121' title='bbox 1114 2238 1159 2304; x_wconf 83' lang='grc' dir='ltr'>δέ·</span> 
     </span>
     <span class='ocr_line' id='line_1_18' title="bbox 346 2341 1168 2436; baseline -0.005 -24"><span class='ocrx_word' id='word_1_122' title='bbox 346 2346 383 2412; x_wconf 73' lang='grc' dir='ltr'><strong><em>ἐν</em></strong></span> <span class='ocrx_word' id='word_1_123' title='bbox 406 2346 569 2436; x_wconf 74' lang='grc' dir='ltr'><strong><em>δακτυλίῳ</em></strong></span> <span class='ocrx_word' id='word_1_124' title='bbox 593 2341 707 2412; x_wconf 83' lang='grc' dir='ltr'><strong><em>εἰκόνα</em></strong></span> <span class='ocrx_word' id='word_1_125' title='bbox 731 2349 814 2412; x_wconf 78' lang='grc' dir='ltr'><strong><em>θεοῦ</em></strong></span> <span class='ocrx_word' id='word_1_126' title='bbox 835 2342 878 2429; x_wconf 82' lang='grc' dir='ltr'><em>μή</em></span> <span class='ocrx_word' id='word_1_127' title='bbox 903 2355 1087 2432; x_wconf 75' lang='grc' dir='ltr'><strong><em>περιφέρειν</em></strong></span> <span class='ocrx_word' id='word_1_128' title='bbox 1109 2351 1168 2409; x_wconf 88' lang='lat' dir='ltr'>etc.</span> 
     </span>
    </p>

    <p class='ocr_par' dir='ltr' id='par_1_8' title="bbox 93 2450 1352 4036">
     <span class='ocr_line' id='line_1_19' title="bbox 295 2450 1347 2544; baseline 0.001 -29"><span class='ocrx_word' id='word_1_129' title='bbox 295 2451 406 2536; x_wconf 82' lang='lat' dir='ltr'>Atque</span> <span class='ocrx_word' id='word_1_130' title='bbox 430 2450 547 2515; x_wconf 92' lang='lat' dir='ltr'>eodem</span> <span class='ocrx_word' id='word_1_131' title='bbox 574 2450 674 2515; x_wconf 89' lang='lat' dir='ltr'>modo</span> <span class='ocrx_word' id='word_1_132' title='bbox 698 2450 875 2516; x_wconf 83' lang='lat' dir='ltr'>Plutarcho</span> <span class='ocrx_word' id='word_1_133' title='bbox 906 2457 1032 2536; x_wconf 92' lang='lat' dir='ltr'>quaest.</span> <span class='ocrx_word' id='word_1_134' title='bbox 1063 2472 1207 2536; x_wconf 88' lang='lat' dir='ltr'>sympos.</span> <span class='ocrx_word' id='word_1_135' title='bbox 1234 2451 1347 2544; x_wconf 68' lang='lat' dir='ltr'>VIIII</span> 
     </span>
     <span class='ocr_line' id='line_1_20' title="bbox 187 2555 1349 2644; baseline 0.003 -21"><span class='ocrx_word' id='word_1_136' title='bbox 187 2565 220 2623; x_wconf 92' lang='lat' dir='ltr'>et</span> <span class='ocrx_word' id='word_1_137' title='bbox 236 2557 316 2622; x_wconf 91' lang='lat' dir='ltr'>alibi</span> <span class='ocrx_word' id='word_1_138' title='bbox 331 2558 438 2623; x_wconf 93' lang='lat' dir='ltr'>multa</span> <span class='ocrx_word' id='word_1_139' title='bbox 454 2557 542 2623; x_wconf 87' lang='lat' dir='ltr'>dicta</span> <span class='ocrx_word' id='word_1_140' title='bbox 557 2556 781 2643; x_wconf 83' lang='lat' dir='ltr'>Pythagorica</span> <span class='ocrx_word' id='word_1_141' title='bbox 803 2557 873 2623; x_wconf 87' lang='lat' dir='ltr'>sive</span> <span class='ocrx_word' id='word_1_142' title='bbox 890 2555 1082 2643; x_wconf 72' lang='grc' dir='ltr'><strong><em>ἀκούσματα</em></strong></span> <span class='ocrx_word' id='word_1_143' title='bbox 1107 2558 1176 2624; x_wconf 89' lang='lat' dir='ltr'>sive</span> <span class='ocrx_word' id='word_1_144' title='bbox 1201 2560 1349 2644; x_wconf 79' lang='grc' dir='ltr'><strong><em>σύμβολα</em></strong></span> 
     </span>
     <span class='ocr_line' id='line_1_21' title="bbox 186 2663 1351 2755; baseline 0.003 -25"><span class='ocrx_word' id='word_1_145' title='bbox 186 2665 258 2732; x_wconf 87' lang='lat' dir='ltr'>sive</span> <span class='ocrx_word' id='word_1_146' title='bbox 282 2672 472 2751; x_wconf 77' lang='grc' dir='ltr'><strong><em>αἰνίγματα,</em></strong></span> <span class='ocrx_word' id='word_1_147' title='bbox 508 2685 594 2749; x_wconf 91' lang='lat' dir='ltr'>quae</span> <span class='ocrx_word' id='word_1_148' title='bbox 618 2663 660 2728; x_wconf 90' lang='lat' dir='ltr'>ab</span> <span class='ocrx_word' id='word_1_149' title='bbox 683 2663 757 2729; x_wconf 89' lang='lat' dir='ltr'>aliis</span> <span class='ocrx_word' id='word_1_150' title='bbox 777 2663 968 2728; x_wconf 85' lang='lat' dir='ltr'>auctoribus</span> <span class='ocrx_word' id='word_1_151' title='bbox 983 2663 1202 2749; x_wconf 80' lang='lat' dir='ltr'>appellantur,</span> <span class='ocrx_word' id='word_1_152' title='bbox 1227 2693 1351 2755; x_wconf 91' lang='grc' dir='ltr'><strong><em>παραγ-</em></strong></span> 
     </span>
     <span class='ocr_line' id='line_1_22' title="bbox 186 2770 1351 2864; baseline -0.001 -26"><span class='ocrx_word' id='word_1_153' title='bbox 186 2774 334 2858; x_wconf 73' lang='grc' dir='ltr'><strong><em>γέλματα</em></strong></span> <span class='ocrx_word' id='word_1_154' title='bbox 359 2777 454 2850; x_wconf 88' lang='lat' dir='ltr'>sunt;</span> <span class='ocrx_word' id='word_1_155' title='bbox 480 2777 513 2836; x_wconf 91' lang='lat' dir='ltr'>et</span> <span class='ocrx_word' id='word_1_156' title='bbox 536 2771 652 2836; x_wconf 90' lang='lat' dir='ltr'>eadem</span> <span class='ocrx_word' id='word_1_157' title='bbox 677 2771 804 2836; x_wconf 88' lang='lat' dir='ltr'>ratione</span> <span class='ocrx_word' id='word_1_158' title='bbox 828 2776 1034 2856; x_wconf 87' lang='lat' dir='ltr'>usurpantur</span> <span class='ocrx_word' id='word_1_159' title='bbox 1062 2777 1102 2864; x_wconf 87' lang='lat' dir='ltr'>et</span> <span class='ocrx_word' id='word_1_160' title='bbox 1127 2770 1167 2836; x_wconf 89' lang='lat' dir='ltr'>de</span> <span class='ocrx_word' id='word_1_161' title='bbox 1192 2771 1351 2858; x_wconf 77' lang='lat' dir='ltr'>symbolis</span> 
     </span>
     <span class='ocr_line' id='line_1_23' title="bbox 187 2876 1349 2968; baseline 0 -24"><span class='ocrx_word' id='word_1_162' title='bbox 187 2879 284 2944; x_wconf 88' lang='lat' dir='ltr'>etde</span> <span class='ocrx_word' id='word_1_163' title='bbox 308 2878 488 2944; x_wconf 87' lang='lat' dir='ltr'>acusmatis</span> <span class='ocrx_word' id='word_1_164' title='bbox 511 2876 613 2944; x_wconf 87' lang='lat' dir='ltr'>verba</span> <span class='ocrx_word' id='word_1_165' title='bbox 636 2881 876 2967; x_wconf 77' lang='grc' dir='ltr'><strong><em>παραγγέλλειν</em></strong></span> <span class='ocrx_word' id='word_1_166' title='bbox 899 2883 932 2942; x_wconf 87' lang='lat' dir='ltr'>et</span> <span class='ocrx_word' id='word_1_167' title='bbox 954 2886 1153 2968; x_wconf 74' lang='grc' dir='ltr'><strong><em>παρεγγυᾶν,</em></strong></span> <span class='ocrx_word' id='word_1_168' title='bbox 1178 2885 1216 2942; x_wconf 88' lang='lat' dir='ltr'>ut</span> <span class='ocrx_word' id='word_1_169' title='bbox 1238 2900 1290 2964; x_wconf 89' lang='lat' dir='ltr'>ap.</span> <span class='ocrx_word' id='word_1_170' title='bbox 1313 2880 1349 2944; x_wconf 87' lang='lat' dir='ltr'>L.</span> 
     </span>
     <span class='ocr_line' id='line_1_24' title="bbox 187 2985 1351 3072; baseline 0.001 -22"><span class='ocrx_word' id='word_1_171' title='bbox 187 2987 227 3050; x_wconf 92' lang='lat' dir='ltr'>D.</span> <span class='ocrx_word' id='word_1_172' title='bbox 253 2985 345 3066; x_wconf 84' lang='lat' dir='ltr'>VIII,</span> <span class='ocrx_word' id='word_1_173' title='bbox 356 2987 414 3064; x_wconf 79' lang='lat'>20;</span> <span class='ocrx_word' id='word_1_174' title='bbox 450 2985 571 3071; x_wconf 90' lang='lat' dir='ltr'>Porph.</span> <span class='ocrx_word' id='word_1_175' title='bbox 603 3008 633 3050; x_wconf 88' lang='lat' dir='ltr'>v.</span> <span class='ocrx_word' id='word_1_176' title='bbox 659 2985 693 3050; x_wconf 92' lang='lat' dir='ltr'>P.</span> <span class='ocrx_word' id='word_1_177' title='bbox 720 2986 781 3063; x_wconf 83' lang='lat'>34;</span> <span class='ocrx_word' id='word_1_178' title='bbox 806 2985 897 3049; x_wconf 87' lang='lat' dir='ltr'>alios.</span> <span class='ocrx_word' id='word_1_179' title='bbox 945 2985 1164 3070; x_wconf 85' lang='lat' dir='ltr'>Praeceptum</span> <span class='ocrx_word' id='word_1_180' title='bbox 1188 2985 1351 3072; x_wconf 88' lang='lat' dir='ltr'>Pythago-</span> 
     </span>
     <span class='ocr_line' id='line_1_25' title="bbox 140 3089 1352 3178; baseline -0.002 -14"><span class='ocrx_word' id='word_1_181' title='bbox 140 3149 148 3164; x_wconf 87' lang='lat'><strong>.</strong></span> <span class='ocrx_word' id='word_1_182' title='bbox 186 3095 295 3158; x_wconf 90' lang='lat' dir='ltr'>ricum</span> <span class='ocrx_word' id='word_1_183' title='bbox 329 3093 509 3158; x_wconf 89' lang='lat' dir='ltr'>aPlatone</span> <span class='ocrx_word' id='word_1_184' title='bbox 532 3098 831 3158; x_wconf 86' lang='lat' dir='ltr'>commemoratum</span> <span class='ocrx_word' id='word_1_185' title='bbox 854 3091 977 3156; x_wconf 90' lang='lat' dir='ltr'>Phaed.</span> <span class='ocrx_word' id='word_1_186' title='bbox 1014 3114 1045 3177; x_wconf 92' lang='lat' dir='ltr'>p.</span> <span class='ocrx_word' id='word_1_187' title='bbox 1072 3093 1151 3158; x_wconf 77' lang='lat' dir='ltr'>62ss</span> <span class='ocrx_word' id='word_1_188' title='bbox 1175 3097 1270 3178; x_wconf 78' lang='grc' dir='ltr'><strong><em>ὁμὲν</em></strong></span> <span class='ocrx_word' id='word_1_189' title='bbox 1294 3089 1352 3163; x_wconf 81' lang='grc' dir='ltr'>σύν</span> 
     </span>
     <span class='ocr_line' id='line_1_26' title="bbox 185 3197 1351 3292; baseline 0.001 -24"><span class='ocrx_word' id='word_1_190' title='bbox 185 3203 223 3269; x_wconf 78' lang='grc' dir='ltr'><strong><em>ἒν</em></strong></span> <span class='ocrx_word' id='word_1_191' title='bbox 247 3202 440 3288; x_wconf 67' lang='grc' dir='ltr'><strong><em>ἀπορρήτοις</em></strong></span> <span class='ocrx_word' id='word_1_192' title='bbox 451 3197 619 3286; x_wconf 83' lang='grc' dir='ltr'><strong><em>λεγόμενος</em></strong></span> <span class='ocrx_word' id='word_1_193' title='bbox 645 3252 650 3263; x_wconf 93' lang='grc'>.</span> <span class='ocrx_word' id='word_1_194' title='bbox 670 3249 676 3263; x_wconf 93' lang='grc'><em>.</em></span> <span class='ocrx_word' id='word_1_195' title='bbox 697 3252 703 3264; x_wconf 93' lang='grc'><em>.</em></span> <span class='ocrx_word' id='word_1_196' title='bbox 723 3251 729 3263; x_wconf 93' lang='grc'><strong>.</strong></span> <span class='ocrx_word' id='word_1_197' title='bbox 748 3201 781 3264; x_wconf 79' lang='grc'>.’.</span> <span class='ocrx_word' id='word_1_198' title='bbox 799 3201 892 3281; x_wconf 84' lang='grc' dir='ltr'><strong><em>λόγος</em></strong></span> <span class='ocrx_word' id='word_1_199' title='bbox 913 3202 956 3279; x_wconf 64' lang='lat' dir='ltr'>dg</span> <span class='ocrx_word' id='word_1_200' title='bbox 979 3197 1014 3266; x_wconf 71' lang='grc' dir='ltr'><strong><em>ἔν</em></strong></span> <span class='ocrx_word' id='word_1_201' title='bbox 1028 3228 1093 3267; x_wconf 91' lang='grc' dir='ltr'><strong><em>τινι</em></strong></span> <span class='ocrx_word' id='word_1_202' title='bbox 1110 3200 1234 3292; x_wconf 76' lang='grc' dir='ltr'><strong><em>φρουρᾷ</em></strong></span> <span class='ocrx_word' id='word_1_203' title='bbox 1253 3202 1351 3289; x_wconf 71' lang='grc' dir='ltr'>Ιἐσμεν</span> 
     </span>
     <span class='ocr_line' id='line_1_27' title="bbox 186 3300 1350 3398; baseline 0.002 -26"><span class='ocrx_word' id='word_1_204' title='bbox 186 3312 217 3372; x_wconf 84' lang='grc' dir='ltr'>ολ</span> <span class='ocrx_word' id='word_1_205' title='bbox 240 3304 483 3398; x_wconf 79' lang='grc' dir='ltr'><strong><em>δνθρωποικαλ</em></strong></span> <span class='ocrx_word' id='word_1_206' title='bbox 501 3300 537 3376; x_wconf 83' lang='grc' dir='ltr'><strong><em>ού</em></strong></span> <span class='ocrx_word' id='word_1_207' title='bbox 554 3310 605 3375; x_wconf 81' lang='grc' dir='ltr'>δεῖ</span> <span class='ocrx_word' id='word_1_208' title='bbox 626 3305 663 3394; x_wconf 71' lang='grc' dir='ltr'>δή</span> <span class='ocrx_word' id='word_1_209' title='bbox 688 3308 810 3375; x_wconf 75' lang='grc' dir='ltr'><strong><em>ἑαυτὸν</em></strong></span> <span class='ocrx_word' id='word_1_210' title='bbox 832 3308 867 3374; x_wconf 69' lang='grc' dir='ltr'>ἐκ</span> <span class='ocrx_word' id='word_1_211' title='bbox 884 3305 1006 3394; x_wconf 84' lang='grc' dir='ltr'><strong><em>ταύτης</em></strong></span> <span class='ocrx_word' id='word_1_212' title='bbox 1031 3309 1120 3376; x_wconf 86' lang='grc' dir='ltr'><strong><em>λύειν</em></strong></span> <span class='ocrx_word' id='word_1_213' title='bbox 1143 3307 1210 3374; x_wconf 83' lang='grc' dir='ltr'><strong><em>τύδ’</em></strong></span> <span class='ocrx_word' id='word_1_214' title='bbox 1237 3300 1350 3374; x_wconf 58' lang='lat' dir='ltr'>dnode-</span> 
     </span>
     <span class='ocr_line' id='line_1_28' title="bbox 93 3411 1351 3506; baseline -0.001 -26"><span class='ocrx_word' id='word_1_215' title='bbox 93 3411 95 3416; x_wconf 74' lang='grc'><strong>’</strong></span> <span class='ocrx_word' id='word_1_216' title='bbox 183 3415 341 3506; x_wconf 72' lang='grc' dir='ltr'>ι’δροῖσκιιν</span> <span class='ocrx_word' id='word_1_217' title='bbox 364 3418 429 3484; x_wconf 89' lang='grc' dir='ltr'><strong><em>κτλ.</em></strong></span> <span class='ocrx_word' id='word_1_218' title='bbox 455 3413 497 3478; x_wconf 89' lang='lat' dir='ltr'>ab</span> <span class='ocrx_word' id='word_1_219' title='bbox 521 3412 760 3499; x_wconf 86' lang='lat' dir='ltr'>Olympiodoro</span> <span class='ocrx_word' id='word_1_220' title='bbox 792 3414 828 3476; x_wconf 93' lang='lat' dir='ltr'>in</span> <span class='ocrx_word' id='word_1_221' title='bbox 858 3413 959 3478; x_wconf 90' lang='lat' dir='ltr'>huius</span> <span class='ocrx_word' id='word_1_222' title='bbox 987 3413 1049 3478; x_wconf 91' lang='lat' dir='ltr'>loci</span> <span class='ocrx_word' id='word_1_223' title='bbox 1080 3413 1351 3500; x_wconf 86' lang='lat' dir='ltr'>interpretatione</span> 
     </span>
     <span class='ocr_line' id='line_1_29' title="bbox 187 3519 1347 3608; baseline -0.002 -21"><span class='ocrx_word' id='word_1_224' title='bbox 187 3521 379 3608; x_wconf 87' lang='lat' dir='ltr'>symbolum</span> <span class='ocrx_word' id='word_1_225' title='bbox 413 3521 675 3607; x_wconf 85' lang='lat' dir='ltr'>Pythagoricum</span> <span class='ocrx_word' id='word_1_226' title='bbox 710 3520 847 3590; x_wconf 85' lang='lat' dir='ltr'>dicitur:</span> <span class='ocrx_word' id='word_1_227' title='bbox 884 3526 916 3585; x_wconf 87' lang='lat' dir='ltr'>et</span> <span class='ocrx_word' id='word_1_228' title='bbox 950 3519 1041 3606; x_wconf 92' lang='lat' dir='ltr'>quod</span> <span class='ocrx_word' id='word_1_229' title='bbox 1064 3519 1257 3586; x_wconf 85' lang='lat' dir='ltr'>Aristoteles</span> <span class='ocrx_word' id='word_1_230' title='bbox 1294 3543 1347 3607; x_wconf 87' lang='lat' dir='ltr'>ap.</span> 
     </span>
     <span class='ocr_line' id='line_1_30' title="bbox 186 3627 1350 3720; baseline 0 -24"><span class='ocrx_word' id='word_1_231' title='bbox 186 3629 308 3696; x_wconf 88' lang='lat' dir='ltr'>Jambl.</span> <span class='ocrx_word' id='word_1_232' title='bbox 333 3651 364 3696; x_wconf 82' lang='lat' dir='ltr'>v.</span> <span class='ocrx_word' id='word_1_233' title='bbox 383 3629 418 3692; x_wconf 93' lang='lat' dir='ltr'>P.</span> <span class='ocrx_word' id='word_1_234' title='bbox 437 3630 478 3692; x_wconf 86' lang='lat'>31</span> <span class='ocrx_word' id='word_1_235' title='bbox 503 3628 584 3693; x_wconf 80' lang='lat' dir='ltr'>dicit</span> <span class='ocrx_word' id='word_1_236' title='bbox 606 3629 891 3714; x_wconf 75' lang='grc' dir='ltr'><strong><em>διαφυλάττεσθαι</em></strong></span> <span class='ocrx_word' id='word_1_237' title='bbox 914 3627 980 3696; x_wconf 82' lang='grc' dir='ltr'>ύαδ</span> <span class='ocrx_word' id='word_1_238' title='bbox 1005 3632 1071 3695; x_wconf 79' lang='grc' dir='ltr'>τῶν</span> <span class='ocrx_word' id='word_1_239' title='bbox 1088 3630 1218 3720; x_wconf 77' lang='grc' dir='ltr'><strong><em>α’νδρύν</em></strong></span> <span class='ocrx_word' id='word_1_240' title='bbox 1232 3630 1270 3696; x_wconf 73' lang='grc' dir='ltr'><strong><em>ἔν</em></strong></span> <span class='ocrx_word' id='word_1_241' title='bbox 1285 3646 1350 3708; x_wconf 84' lang='grc' dir='ltr'><strong><em>τοῖς</em></strong></span> 
     </span>
     <span class='ocr_line' id='line_1_31' title="bbox 186 3733 1351 3825; baseline -0.005 -20"><span class='ocrx_word' id='word_1_242' title='bbox 186 3739 279 3806; x_wconf 76' lang='grc' dir='ltr'><strong><em>πάνυ</em></strong></span> <span class='ocrx_word' id='word_1_243' title='bbox 302 3735 505 3825; x_wconf 79' lang='grc' dir='ltr'><strong><em>οἷπιρῥύτοις,</em></strong></span> <span class='ocrx_word' id='word_1_244' title='bbox 530 3735 602 3821; x_wconf 89' lang='lat' dir='ltr'>ipse</span> <span class='ocrx_word' id='word_1_245' title='bbox 625 3733 819 3800; x_wconf 88' lang='lat' dir='ltr'>Aristoteles</span> <span class='ocrx_word' id='word_1_246' title='bbox 843 3734 935 3820; x_wconf 90' lang='lat' dir='ltr'>apud</span> <span class='ocrx_word' id='word_1_247' title='bbox 955 3734 1099 3799; x_wconf 92' lang='lat' dir='ltr'>eundem</span> <span class='ocrx_word' id='word_1_248' title='bbox 1123 3734 1351 3800; x_wconf 87' lang='lat' dir='ltr'>Jambhchum</span> 
     </span>
     <span class='ocr_line' id='line_1_32' title="bbox 190 3840 1350 3936; baseline -0.001 -28"><span class='ocrx_word' id='word_1_249' title='bbox 190 3843 252 3910; x_wconf 87' lang='grc'>140</span> <span class='ocrx_word' id='word_1_250' title='bbox 271 3880 309 3891; x_wconf 88' lang='lat'>-</span> <span class='ocrx_word' id='word_1_251' title='bbox 327 3864 407 3908; x_wconf 89' lang='lat' dir='ltr'>nam</span> <span class='ocrx_word' id='word_1_252' title='bbox 430 3841 628 3936; x_wconf 86' lang='lat' dir='ltr'>tribuendus</span> <span class='ocrx_word' id='word_1_253' title='bbox 652 3848 702 3907; x_wconf 89' lang='lat' dir='ltr'>est</span> <span class='ocrx_word' id='word_1_254' title='bbox 716 3841 809 3908; x_wconf 89' lang='lat' dir='ltr'>haud</span> <span class='ocrx_word' id='word_1_255' title='bbox 825 3840 926 3907; x_wconf 89' lang='lat' dir='ltr'>dubie</span> <span class='ocrx_word' id='word_1_256' title='bbox 942 3841 997 3906; x_wconf 91' lang='lat' dir='ltr'>hic</span> <span class='ocrx_word' id='word_1_257' title='bbox 1013 3841 1105 3907; x_wconf 88' lang='lat' dir='ltr'>locus</span> <span class='ocrx_word' id='word_1_258' title='bbox 1121 3842 1291 3908; x_wconf 77' lang='lat' dir='ltr'>Aristoteli</span> <span class='ocrx_word' id='word_1_259' title='bbox 1307 3881 1350 3891; x_wconf 89' lang='lat'>—-</span> 
     </span>
     <span class='ocr_line' id='line_1_33' title="bbox 185 3950 522 4036; baseline -0.003 -21"><span class='ocrx_word' id='word_1_260' title='bbox 185 3951 339 4016; x_wconf 67' lang='lat' dir='ltr'>nominat</span> <span class='ocrx_word' id='word_1_261' title='bbox 363 3950 522 4036; x_wconf 75' lang='grc' dir='ltr'><strong><em>ἄκουσμα.</em></strong></span> 
     </span>
    </p>

    <p class='ocr_par' dir='ltr' id='par_1_9' title="bbox 186 4056 1351 4686">
     <span class='ocr_line' id='line_1_34' title="bbox 293 4056 1351 4143; baseline 0.001 -21"><span class='ocrx_word' id='word_1_262' title='bbox 293 4057 346 4122; x_wconf 82' lang='lat' dir='ltr'>Ex</span> <span class='ocrx_word' id='word_1_263' title='bbox 382 4057 505 4143; x_wconf 91' lang='lat' dir='ltr'>quibus</span> <span class='ocrx_word' id='word_1_264' title='bbox 533 4057 705 4142; x_wconf 69' lang='lat' dir='ltr'>exemplis</span> <span class='ocrx_word' id='word_1_265' title='bbox 753 4077 898 4141; x_wconf 89' lang='lat' dir='ltr'>quorum</span> <span class='ocrx_word' id='word_1_266' title='bbox 932 4077 1093 4121; x_wconf 88' lang='lat' dir='ltr'>numerus</span> <span class='ocrx_word' id='word_1_267' title='bbox 1128 4056 1218 4122; x_wconf 78' lang='lat' dir='ltr'>facili</span> <span class='ocrx_word' id='word_1_268' title='bbox 1250 4078 1351 4143; x_wconf 91' lang='lat' dir='ltr'>opera</span> 
     </span>
     <span class='ocr_line' id='line_1_35' title="bbox 187 4161 1351 4251; baseline -0.003 -21"><span class='ocrx_word' id='word_1_269' title='bbox 187 4165 301 4251; x_wconf 87' lang='lat' dir='ltr'>augeri</span> <span class='ocrx_word' id='word_1_270' title='bbox 325 4170 442 4250; x_wconf 86' lang='lat' dir='ltr'>potest,</span> <span class='ocrx_word' id='word_1_271' title='bbox 467 4164 573 4229; x_wconf 91' lang='lat' dir='ltr'>elucet</span> <span class='ocrx_word' id='word_1_272' title='bbox 597 4185 638 4228; x_wconf 86' lang='lat' dir='ltr'>ex</span> <span class='ocrx_word' id='word_1_273' title='bbox 659 4169 812 4229; x_wconf 84' lang='lat' dir='ltr'>veterum</span> <span class='ocrx_word' id='word_1_274' title='bbox 836 4161 968 4228; x_wconf 90' lang='lat' dir='ltr'>dicendi</span> <span class='ocrx_word' id='word_1_275' title='bbox 992 4185 1056 4227; x_wconf 91' lang='lat' dir='ltr'>usu</span> <span class='ocrx_word' id='word_1_276' title='bbox 1079 4163 1241 4249; x_wconf 78' lang='lat' dir='ltr'>Guttlingi</span> <span class='ocrx_word' id='word_1_277' title='bbox 1262 4164 1351 4229; x_wconf 87' lang='lat' dir='ltr'>inter</span> 
     </span>
     <span class='ocr_line' id='line_1_36' title="bbox 187 4269 1349 4364; baseline -0.003 -24"><span class='ocrx_word' id='word_1_278' title='bbox 187 4275 335 4359; x_wconf 85' lang='grc' dir='ltr'><strong><em>σύμβολα</em></strong></span> <span class='ocrx_word' id='word_1_279' title='bbox 360 4278 392 4338; x_wconf 88' lang='lat' dir='ltr'>et</span> <span class='ocrx_word' id='word_1_280' title='bbox 409 4273 604 4364; x_wconf 44' lang='grc' dir='ltr'><strong><em>,ἀκούσματα</em></strong></span> <span class='ocrx_word' id='word_1_281' title='bbox 629 4269 877 4336; x_wconf 86' lang='lat' dir='ltr'>distinctionem</span> <span class='ocrx_word' id='word_1_282' title='bbox 900 4270 1005 4355; x_wconf 92' lang='lat' dir='ltr'>repeti</span> <span class='ocrx_word' id='word_1_283' title='bbox 1021 4292 1090 4335; x_wconf 93' lang='lat' dir='ltr'>non</span> <span class='ocrx_word' id='word_1_284' title='bbox 1106 4292 1220 4356; x_wconf 90' lang='lat' dir='ltr'>posse;</span> <span class='ocrx_word' id='word_1_285' title='bbox 1246 4293 1349 4356; x_wconf 91' lang='lat' dir='ltr'>quam</span> 
     </span>
     <span class='ocr_line' id='line_1_37' title="bbox 187 4377 1347 4464; baseline -0.002 -19"><span class='ocrx_word' id='word_1_286' title='bbox 187 4381 287 4446; x_wconf 90' lang='lat' dir='ltr'>etiam</span> <span class='ocrx_word' id='word_1_287' title='bbox 311 4401 352 4444; x_wconf 86' lang='lat' dir='ltr'>ex</span> <span class='ocrx_word' id='word_1_288' title='bbox 375 4379 564 4464; x_wconf 81' lang='lat' dir='ltr'>argumenti</span> <span class='ocrx_word' id='word_1_289' title='bbox 592 4377 783 4444; x_wconf 83' lang='lat' dir='ltr'>diversitate</span> <span class='ocrx_word' id='word_1_290' title='bbox 813 4377 936 4442; x_wconf 77' lang='lat' dir='ltr'>trustra</span> <span class='ocrx_word' id='word_1_291' title='bbox 971 4377 1087 4442; x_wconf 88' lang='lat' dir='ltr'>elicere</span> <span class='ocrx_word' id='word_1_292' title='bbox 1118 4384 1256 4442; x_wconf 89' lang='lat' dir='ltr'>conatus</span> <span class='ocrx_word' id='word_1_293' title='bbox 1290 4384 1347 4443; x_wconf 80' lang='lat' dir='ltr'>est,</span> 
     </span>
     <span class='ocr_line' id='line_1_38' title="bbox 187 4483 1349 4571; baseline -0.003 -19"><span class='ocrx_word' id='word_1_294' title='bbox 187 4487 326 4553; x_wconf 88' lang='lat' dir='ltr'>Nullum</span> <span class='ocrx_word' id='word_1_295' title='bbox 365 4486 455 4552; x_wconf 88' lang='lat' dir='ltr'>enim</span> <span class='ocrx_word' id='word_1_296' title='bbox 494 4484 668 4550; x_wconf 90' lang='lat' dir='ltr'>intercedit</span> <span class='ocrx_word' id='word_1_297' title='bbox 702 4483 881 4550; x_wconf 88' lang='lat' dir='ltr'>discrimen</span> <span class='ocrx_word' id='word_1_298' title='bbox 919 4485 1005 4549; x_wconf 91' lang='lat' dir='ltr'>inter</span> <span class='ocrx_word' id='word_1_299' title='bbox 1043 4487 1213 4571; x_wconf 87' lang='grc' dir='ltr'><strong><em>σύμβολον,</em></strong></span> <span class='ocrx_word' id='word_1_300' title='bbox 1258 4485 1349 4570; x_wconf 91' lang='lat' dir='ltr'>quod</span> 
     </span>
     <span class='ocr_line' id='line_1_39' title="bbox 186 4592 1349 4686; baseline -0.003 -26"><span class='ocrx_word' id='word_1_301' title='bbox 186 4595 301 4661; x_wconf 87' lang='lat' dir='ltr'>laudat</span> <span class='ocrx_word' id='word_1_302' title='bbox 313 4594 463 4679; x_wconf 79' lang='lat' dir='ltr'>Gottfing</span> <span class='ocrx_word' id='word_1_303' title='bbox 478 4599 637 4678; x_wconf 87' lang='lat' dir='ltr'>quartum</span> <span class='ocrx_word' id='word_1_304' title='bbox 659 4614 691 4677; x_wconf 90' lang='lat' dir='ltr'>p.</span> <span class='ocrx_word' id='word_1_305' title='bbox 716 4592 796 4658; x_wconf 85' lang='lat'>301:</span> <span class='ocrx_word' id='word_1_306' title='bbox 822 4593 914 4683; x_wconf 77' lang='grc' dir='ltr'><strong><em>παραὶ</em></strong></span> <span class='ocrx_word' id='word_1_307' title='bbox 931 4600 1034 4686; x_wconf 73' lang='grc' dir='ltr'><strong><em>θυσία</em></strong></span> <span class='ocrx_word' id='word_1_308' title='bbox 1056 4593 1100 4681; x_wconf 75' lang='grc' dir='ltr'>μή</span> <span class='ocrx_word' id='word_1_309' title='bbox 1125 4592 1282 4678; x_wconf 80' lang='grc' dir='ltr'><strong><em>α’νυχίζου,</em></strong></span> <span class='ocrx_word' id='word_1_310' title='bbox 1308 4613 1349 4658; x_wconf 90' lang='lat' dir='ltr'>ex</span> 
     </span>
    </p>
   </div>
   <div class='ocr_carea' id='block_1_3' title="bbox 0 0 1748 5584">
    <p class='ocr_par' dir='ltr' id='par_1_10' title="bbox 0 0 1748 5584">
     <span class='ocr_line' id='line_1_40' title="bbox 0 0 1748 5584; baseline 0 0"><span class='ocrx_word' id='word_1_311' title='bbox 0 0 1748 5584; x_wconf 95' lang='lat' dir='ltr'> </span> 
     </span>
    </p>
   </div>
  </div>
 </body>
</html>
