3488 5584
606 442 827 509 ...21-

239 639 318 726 ipsa
351 646 464 706 autem
499 647 671 706 acusmata
706 639 877 728 (symbola)
911 641 1134 727 Pythagorica
1169 647 1300 708 servata

129 753 212 811 sunt
246 747 338 832 apud
369 749 552 832 permultos
576 755 736 827 auctores,
761 748 839 814 inde
875 748 917 812 ab
941 749 1079 814 Platone
1115 771 1221 834 usque
1257 748 1300 814 ad

86 871 88 875 ·
129 854 235 919 medii
259 854 350 940 quod
373 855 495 920 dicitur
517 855 591 922 aevi
615 853 806 920 tabularum
830 863 1032 922 tractatores.

689 1181 749 1258 IV.

294 1306 344 1371 De
367 1302 626 1372 Anaximandri
650 1306 892 1388 symbolorum
916 1305 1134 1371 collectione.

240 1430 334 1506 Quae
362 1428 402 1492 de
427 1428 680 1494 Anaximandro
705 1429 843 1499 Milesio.
875 1429 943 1514 qui,
975 1434 1012 1492 ut
1035 1428 1255 1512 distinguatur
1280 1450 1300 1492 a

127 1537 341 1622 philosophe,
374 1535 568 1601 nominatur
597 1541 614 1602 ὅ
644 1539 796 1626 νεώτερος
824 1535 879 1602 vel
910 1537 1077 1626 ἱστορικός,
1111 1535 1297 1614 traduntur,

128 1643 299 1728 congessit
322 1643 356 1706 C.
383 1642 503 1707 Mulier
525 1642 647 1708 FHGr.
672 1643 713 1722 II,
732 1644 783 1708 67.

239 1749 359 1814 Suidas
383 1772 406 1814 S.
432 1771 462 1815 v.
489 1752 745 1840 Ἀναξίμανδρος
776 1751 876 1816 refert
906 1747 1006 1814 hace:
1041 1751 1083 1815 Ἀ.
1108 1743 1299 1835 ’Λναξιμιὶν-

128 1861 219 1949 ὅρου,
257 1859 427 1944 Μιλήσιος,
453 1853 482 1923 'ri
509 1855 671 1942 νεώτερος,
708 1859 864 1948 ἱστορικός
890 1878 896 1890 ·
921 1866 1032 1939 γέγονε
1055 1859 1091 1924 δὲ
1113 1858 1199 1923 κατοὶ
1223 1854 1300 1936 τοιῗς
1367 1884 1369 1888 ’

125 1958 338 2055 Ἀρταξέρξου
368 1966 503 2055 χρόνους
525 1971 582 2034 τοῦ
606 1967 783 2052 Μνήμονος
815 1967 1001 2049 κληθέντος.
1042 1963 1193 2055 Ἔγραψε
1217 1971 1299 2046 Συμ-

125 2074 240 2149 βόλων
264 2078 501 2162 Πυθαγορείων
524 2071 689 2159 Ἐξήγησιν
714 2095 720 2105 ·
746 2073 815 2139 οἶόν
839 2073 907 2138 ἔστι
937 2073 973 2137 τὸ
997 2072 1105 2153 Ζυγὸν
1126 2073 1171 2156 μή
1204 2074 1298 2159 ὑπερ-

125 2184 283 2257 βαίνειν·
321 2187 486 2269 Μαχαίρᾳ
511 2188 577 2268 πῦρ
600 2181 644 2266 μή
671 2181 856 2247 σκαλεύειν·
894 2178 974 2246 'And
1000 2177 1174 2268 ὁλοκλήρου
1198 2178 1298 2265 ἄρτου

125 2283 173 2373 μή
198 2288 326 2354 ἐσθίειν
351 2307 357 2319 ·
382 2298 439 2353 καῐ
462 2289 504 2353 τοὶ
529 2289 640 2354 λοιποί.

238 2393 440 2457 Artaxerxes
463 2393 624 2458 Mnemon
647 2393 800 2478 regnavit
822 2392 997 2457 405-359
1021 2414 1050 2456 a.
1076 2392 1134 2456 Ch.
1160 2415 1222 2470 n.;.
1236 2393 1298 2458 hac

126 2501 232 2586 igitur
273 2505 380 2564 aetate
417 2500 529 2565 floruit
562 2499 831 2578 Anaximander;
873 2521 954 2564 nam
993 2499 1115 2564 Suidae
1156 2499 1298 2565 verbum

124 2621 239 2692 γέγονε
269 2607 333 2672 hoc
363 2607 434 2672 loco
458 2607 568 2672 valere
600 2607 690 2672 idem
725 2607 815 2692 quod
845 2608 980 2695 ἤκμαζε,
1016 2604 1056 2670 de
1087 2607 1175 2672 vitae
1208 2607 1298 2706 α’κμῇ

126 2716 257 2780 dictum
293 2736 377 2792 esse,
421 2736 490 2778 non
526 2712 566 2779 dc
602 2714 721 2778 natalis
757 2715 837 2778 anni
861 2721 1019 2798 tempore,
1056 2713 1298 2782 demonstravit

126 2823 165 2887 E.
192 2821 320 2900 aohde,
346 2822 430 2885 Mus.
456 2821 563 2886 Rhen.
589 2844 621 2884 n.
647 2844 670 2886 s.
697 2821 858 2900 XXXIII,
883 2843 915 2907 p.
943 2820 1074 2896 trefae.

237 2930 287 2996 De
317 2928 400 2993 libro
424 2928 669 2994 Anaximandri
698 2928 738 2993 de
771 2928 930 3014 symbolis
960 2928 1191 3015 Pythagoricis
1223 2949 1297 2992 con-

127 3037 253 3123 scripto
285 3043 415 3122 praeter
446 3035 534 3100 hano
557 3036 680 3102 Suidae
704 3042 819 3100 notam
843 3037 921 3100 satis
946 3035 1066 3100 exilem
1090 3035 1173 3100 nihil
1201 3036 1297 3099 reler-

127 3152 193 3222 tur,
225 3143 291 3208 nisi
321 3142 412 3228 quod
442 3143 551 3226 ionica
579 3142 718 3208 dialecto
752 3133 958 3228 conscriptus
994 3143 1046 3222 sit,
1087 3149 1125 3206 ut
1159 3149 1298 3207 testatur

127 3254 236 3317 Laert.
274 3250 370 3336 Diog.
406 3250 449 3329 H,
484 3250 539 3314 12:
581 3262 691 3334 γέγονε
735 3253 772 3318 δὲ
810 3263 865 3318 καὶ
909 3246 1005 3330 ἄλλος
1042 3252 1298 3340 Ἀναξίμανδρος

127 3361 297 3448 ἱστορικός,
314 3371 369 3425 καὶ
387 3350 476 3433 οὗτος
500 3360 670 3442 Μιλήσιος,
695 3363 734 3457 τῇ
751 3356 833 3424 Ἰάδι
849 3360 1023 3446 γεγραφώς.

238 3465 416 3542 Quomodo
440 3486 519 3530 vero
544 3463 696 3550 symbola
719 3465 909 3530 tractaverit
925 3463 1185 3542 Anaximander,
1208 3463 1298 3547 iguo-

127 3596 254 3650 ramus,
278 3595 357 3636 cum
380 3571 609 3658 symbolorum
633 3572 870 3657 explicationes
887 3571 1007 3636 Suidas
1032 3593 1099 3635 uon
1123 3570 1296 3656 praebeat;

128 3703 170 3746 ex
196 3679 467 3765 „symbolorum‘¹
493 3679 588 3744 titulo
611 3677 807 3744 concludere
834 3679 911 3743 licet
935 3677 1226 3742 Anaximandrum
1244 3677 1297 3741 ad·

128 3787 379 3852 rrurrrerandum
416 3809 487 3851 esse
526 3805 590 3862 τοῖς
625 3785 750 3864 ἔξωθεν
780 3785 1056 3874 ἔπισομιζομίνοις
1092 3787 1298 3875 προσάπτειν

128 3893 240 3964 εἰκότα
264 3896 371 3978 λόγον.

197 4328 199 4333 .
326 4273 377 4338 lle
401 4269 607 4338 Aristotelis
631 4273 851 4336 acusmatum
874 4269 1101 4336 tractatione.

236 4397 288 4460 Ex
311 4395 497 4480 Porphyrio
521 4418 551 4460 v.
577 4395 613 4459 P.
638 4396 681 4458 42
706 4395 755 4459 ed.
775 4393 787 4430 ²
810 4393 946 4459 Nauck:
971 4392 1058 4475 ἔλεγε
1083 4395 1122 4460 δέ
1142 4420 1216 4458 τινα
1242 4404 1297 4460 καὶ

129 4512 273 4594 μυστικῷ
287 4505 398 4590 τρόπῳ
416 4506 625 4587 συμβολικῶς,
644 4502 669 4569 οἳ
687 4503 726 4589 δὴ
743 4503 799 4569 ἐπὶ
816 4503 917 4568 πλέον
929 4495 1146 4588 Ἀριστοτέλης
1164 4493 1298 4589 οἷνέγρα·

134 4629 197 4706 μιν
217 4615 283 4678 κτλ.
308 4608 506 4675 concludere
530 4631 598 4674 non
621 4630 801 4694 possumus
825 4607 1030 4692 singularem
1054 4606 1094 4671 de
1119 4605 1298 4671 acu-ematis
