3488 5584
883 439 1118 544 ...14-1

412 642 561 708 maxima
596 663 637 708 ex
670 645 764 726 parte
798 639 1095 726 Pythagoreorum,
1125 638 1248 725 quibus
1278 639 1486 706 familiariter
1508 645 1580 705 ute-

413 749 511 822 batur
533 747 763 826 Aristoxenus,
795 748 1001 813 narrationes
1036 748 1229 826 contineret,
1258 748 1426 833 praesenti
1448 747 1580 834 potissi-

413 879 507 922 mum
531 862 680 941 tompore
704 876 785 920 usus
810 875 880 919 esse
904 854 1036 921 videtur
1059 853 1208 940 scriptor.
1254 855 1366 940 Atque
1399 854 1505 920 redire
1533 854 1580 920 ad

415 963 656 1028 Aristoxenum
680 983 828 1046 eaquae
851 962 1005 1047 legantur
1028 963 1050 1048 ξ
1076 963 1136 1026 137
1160 985 1191 1048 p.
1220 962 1459 1042 roos—1013
1483 959 1580 1048 (εξ

415 1071 456 1136 86
473 1071 562 1135 6187
580 1091 612 1155 p.
631 1068 806 1156 eas-18)
823 1068 975 1134 concedit
989 1068 1108 1134 Nauck
1124 1068 1167 1134 ad
1183 1069 1216 1132 h.
1234 1069 1266 1148 1.,
1292 1069 1350 1134 sed
1373 1068 1470 1155 plura
1484 1069 1580 1134 haud

414 1176 514 1242 dubie
527 1174 726 1244 Aristoxeno
744 1175 922 1241 tribuenda
935 1183 1023 1256 611111,
1036 1176 1150 1241 omnia
1165 1175 1232 1241 scil.
1251 1197 1337 1261 quae
1353 1176 1510 1261 leguntur
1525 1198 1578 1241 us·
1595 1183 1600 1190 '

414 1306 480 1370 quc
492 1282 535 1349 ad
547 1307 578 1370 p.
595 1284 667 1362 101,
682 1286 717 1364 6;
736 1305 817 1348 narn
828 1304 935 1369 usque
952 1283 995 1348 ad
1007 1283 1098 1349 huno
1110 1283 1221 1349 locum
1237 1284 1308 1348 sine
1323 1283 1390 1348 ullo
1407 1283 1579 1348 obstaculo

414 1392 563 1479 procedit
579 1392 819 1457 sententiarum
832 1391 940 1457 series.
971 1392 1065 1468 Quae
1077 1413 1156 1459 vero
1168 1397 1365 1476 sequuntur,
1378 1391 1579 1456 Aristoxeno

414 1500 506 1565 nullo
524 1505 620 1585 pacto
637 1498 740 1564 tribui
763 1506 913 1584 possunt,
938 1519 1018 1564 nam
1035 1499 1183 1584 primum
1199 1498 1336 1584 quidem
1360 1498 1463 1564 verba
1484 1521 1515 1564 v.
1537 1501 1576 1563 11

415 1608 510 1676 τοῦτό
525 1635 561 1690 γε
576 1604 698 1682 πάντες
714 1613 743 1674 oi
762 1609 987 1696 Πυθαγόρειοι
1006 1658 1115 1670 .....
1134 1605 1239 1692 ἔχουσι
1263 1614 1474 1686 numeremur
1496 1610 1576 1684 κτλ,

415 1735 501 1799 quae
524 1714 711 1778 litterarum
734 1713 845 1778 studia
879 1713 1040 1799 detegunt
1074 1720 1106 1778 61
1138 1711 1181 1778 ad
1216 1713 1317 1779 libros
1339 1713 1579 1799 Pythagoricos

417 1826 578 1907 spectant,
602 1820 741 1886 minime
765 1819 933 1905 quadrant
955 1820 998 1885 ad
1022 1820 1213 1886 Aristoxeni
1237 1818 1476 1910 Πυθαγορικός
1498 1824 1579 1889 α’πο-

416 1930 545 2016 φάσεις
581 1927 701 1992 deiude
736 1927 807 1992 fieri
841 1948 910 1992 non
945 1933 1063 2013 potest,
1099 1934 1136 1992 ut
1170 1927 1400 2007 Aristoxenus,
1443 1929 1502 2014 qui
1535 1927 1578 1996 τοὶ

416 2040 552 2104 πλεῖστα
577 2042 644 2104 ταῖν
666 2034 797 2118 ἠθικόν
821 2033 992 2122 δογμάτων
1016 2037 1133 2116 λαβεῖν
1161 2035 1219 2104 τόν
1242 2033 1450 2127 Πυθαγόραν
1485 2037 1578 2125 παροέ

418 2145 666 2228 &apostostolus
700 2146 757 2228 τῆς
789 2143 827 2210 ἔν
861 2146 996 2226 Δελφοῖς
1025 2181 1064 2190 -
1088 2143 1124 2207 L.
1151 2143 1190 2206 D.
1227 2142 1342 2221 VHL8
1372 2182 1413 2191 —
1437 2143 1579 2229 putavit,

417 2255 594 2334 praecepte
615 2248 838 2334 Pythagorica
875 2248 1040 2315 derivaret
1078 2271 1120 2314 ex
1143 2249 1367 2335 Orphicorum
1401 2250 1579 2336 mysteriis.

417 2357 528 2432 Quare
563 2377 649 2441 quae
685 2356 842 2440 leguntur
875 2356 953 2421 inde
984 2377 1008 2421 6
1053 2380 1083 2442 p.
1122 2358 1217 2436 101‚6
1251 2379 1358 2443 usque
1392 2357 1436 2423 ad
1470 2357 1581 2442 §140

416 2463 615 2528 Aristoxeno
639 2463 740 2528 tribui
763 2470 945 2549 nequeunt,
979 2464 1037 2530 sed
1060 2465 1125 2529 alio
1148 2486 1189 2530 ex
1212 2465 1304 2529 fonte
1327 2469 1360 2545 (a
1375 2465 1581 2530 Nicomacho

416 2571 565 2649 16116666,
590 2591 692 2656 quem
716 2569 873 2636 describit
894 2570 1114 2659 Jamblichus)
1138 2572 1252 2637 addita
1274 2578 1362 2651 sunt,
1387 2578 1483 2638 etex
1506 2571 1578 2636 Ari-

417 2677 541 2743 stotelis
564 2676 648 2743 libro
672 2690 746 2767 περῐ
770 2678 835 2746 τοῖν
851 2686 1091 2770 Πυθαγορείων
1114 2701 1152 2744 66
1176 2701 1261 2765 quae
1284 2680 1442 2766 leguntur
1464 2680 1577 2765 §140,

299 2783 302 2788 ’
417 2791 455 2850 ut
489 2785 640 2870 sequitur
674 2807 715 2850 ex
749 2785 846 2871 §3L
892 2786 1080 2852 Praesentis
1115 2787 1275 2873 temporis
1309 2809 1390 2853 usus
1415 2787 1486 2852 sine
1508 2787 1579 2852 ulla

417 2891 612 2957 difficultate
636 2892 821 2978 explicatur
844 2915 885 2958 ex
907 2894 981 2979 ipsa
1004 2915 1115 2959 rerum
1139 2901 1349 2960 narratarum
1373 2900 1502 2960 natura.
1545 2975 1546 2980 ρ

526 2998 566 3064 In
590 3000 663 3084 ipso
697 3021 776 3066 vero
799 3007 968 3066 acusmate
1002 2998 1095 3089 11ςῆ
1116 3000 1230 3089 (ποῖος)
1254 3000 1471 3094 Πυθαγόρας
1498 3005 1579 3084 θεός

416 3119 527 3174 τεκαὶ
551 3107 740 3196 ἄνθρωπος,
776 3108 855 3173 satis
890 3108 974 3174 inira
1006 3115 1056 3174 est
1077 3110 1347 3194 interrogationis
1370 3110 1494 3190 lorma;
1520 3111 1579 3196 qui

420 3236 501 3279 usus
524 3221 638 3280 utrum
661 3214 705 3279 ad
727 3214 834 3300 ipsius
857 3215 1066 3302 Pythagorae
1090 3215 1231 3281 docendi
1255 3217 1419 3282 rationem
1456 3217 1577 3297 redeat,

417 3343 462 3386 an
485 3321 527 3386 ab
551 3321 726 3388 Aristotele
749 3321 922 3388 institutus
946 3323 997 3399 sit,
1022 3344 1064 3389 cx
1087 3324 1150 3390 hoc
1173 3346 1241 3389 uno
1265 3324 1418 3410 exemplo
1446 3325 1580 3391 decerni

417 3429 544 3514 nequit.
982 3521 1003 3584 2

405 3644 407 3648 ’
439 3603 442 3612 ’
523 3626 728 3712 Porphyrius
751 3649 782 3694 v.
807 3625 842 3692 P.
868 3628 909 3691 41
935 3626 1012 3694 ed.²
1036 3628 1285 3694 Nauck—Ar.
1311 3652 1358 3715 66.
1384 3632 1404 3696 6
1427 3627 1514 3718 (196)
1537 3668 1582 3677 —

418 3732 533 3798 tradit:
558 3732 645 3818 ἔλεγε
666 3736 705 3801 δέ
716 3760 790 3802 τινα
812 3744 869 3802 καὶ
885 3743 1029 3827 μυουικῷ
1044 3737 1153 3825 τρόπῳ
1177 3742 1386 3824 συμβολικῶς,
1412 3738 1437 3806 di
1460 3739 1499 3826 δή
1524 3739 1581 3806 ἐπὶ

417 3844 519 3909 πλέον
541 3843 754 3931 Ἀριστοτέλης
777 3845 969 3937 ἀνέγραψεν
995 3864 1001 3878 ·
1025 3845 1093 3912 οἷον
1114 3842 1165 3911 du

522 3947 582 4036 τήν
605 3950 785 4018 θάλατταν
807 3959 869 4036 μὲν
892 3953 1003 4020 όκάλει
1025 3950 1150 4030 sivest)
1175 3950 1325 4044 δάκρυον,

525 4089 546 4158 ²)
565 4091 742 4147 Scribonium
761 4098 803 4148 est
821 4095 894 4149 haud
912 4094 992 4149 dubie
1011 4112 1071 4149 cum
1087 4094 1208 4163 Stanley.
1228 4097 1582 4166 adAcschyl.Agam.13t)

417 4196 464 4247 pro
483 4179 552 4232 εἶναι
567 4202 572 4234 ;
588 4179 704 4251 Κρόνου,
723 4189 755 4237 ut
773 4183 862 4238 elucet
880 4200 913 4238 ox
927 4183 1082 4254 Plutarcho,
1103 4186 1135 4239 de
1148 4184 1214 4240 Isid.
1235 4191 1263 4239 61
1276 4185 1376 4240 Osirid.
1391 4189 1424 4238 32
1442 4203 1467 4254 p.
1482 4188 1582 4242 34611.

418 4269 701 4336 Wytt.:q‘1tn'tnrm
728 4270 835 4342 Κρόνου
862 4270 981 4344 δάκρυόν
1004 4274 1081 4343 ἐστιν,
1102 4280 1129 4328 61
1156 4273 1240 4330 Olem.
1259 4273 1339 4328 Alex.
1359 4281 1449 4328 strom.
1479 4275 1511 4344 V,
1531 4281 1583 4330 244

418 4358 493 4424 sylb.
513 4361 573 4426 (571
597 4362 636 4418 ed.
656 4362 772 4429 Paris.):
811 4360 918 4434 Κρόνου
945 4365 975 4416 δὲ
994 4360 1111 4432 όόκρυυν
1138 4361 1187 4429 τήν
1206 4361 1347 4416 θάλατταν
1366 4361 1583 4434 α’λληγοροῦντες.

418 4448 522 4517 Nauck,
543 4449 663 4520 Melang.
683 4451 875 4510 croco-Rom.
899 4454 950 4523 IV,
969 4459 1021 4508 403
1050 4471 1097 4522 616
1125 4452 1194 4506 εῖναι
1222 4454 1390 4508 scribendum
1420 4469 1477 4508 esse
1504 4461 1585 4522 putat

415 4519 506 4607 Ἰνοῦς,
528 4557 597 4608 quae
614 4542 748 4610 scriptura
767 4545 919 4599 litterarum
933 4545 1020 4599 forme
1033 4544 1105 4599 haud
1118 4543 1199 4597 dubie
1218 4544 1429 4614 commendatur,
1448 4544 1587 4600 refutatur

418 4644 481 4683 vcro
500 4630 565 4684 locis
583 4631 682 4687 allatis.
