3488 5584
622 445 841 510 —15-

144 665 240 730 τερον
263 649 319 708 καὶ
335 639 417 726 πρδς
441 642 615 729 ἀκρίβειαν
638 641 924 729 διαπεπονημένον
945 646 1001 730 τῆς
1024 640 1200 729 ἐπιστήμης
1216 644 1310 724 λύγον

141 744 424 834 ἐκμεμαθηκότες,
459 741 691 833 α’κουσματικοῐ
717 750 753 836 δ’
780 753 810 816 ολ
847 751 952 834 μόνας
974 747 1034 829 τοῖς
1071 751 1306 836 κεφαλαιώδεις

143 851 324 940 ὑποθήκας
384 853 449 920 τῶν
497 856 700 944 γραμμάτων
739 852 819 924 ύὶνεν
866 859 1097 945 ἀκριβεστέρας
1142 855 1311 943 διηγήσεως

144 961 329 1048 ἀκηκοότες.
355 959 409 1048 (ex
432 981 581 1046 quonam
604 962 696 1026 fonte
719 963 878 1027 fluxerint
901 962 984 1028 haec
1007 962 1185 1048 Porphyrii
1207 963 1311 1030 verba

143 1065 289 1131 dubium
313 1073 362 1132 est
385 1105 427 1114 -
451 1069 491 1133 cl.
518 1067 647 1146 Rohde‚
671 1068 731 1134 der
753 1069 876 1155 griech.
894 1070 1027 1135 Roman
1050 1091 1083 1155 p.
1101 1071 1165 1136 255
1181 1076 1248 1135 not.
1267 1107 1309 1120 -

141 1175 282 1239 fortasse
307 1195 348 1240 ex
371 1175 575 1240 Nicomacho
584 1175 620 1263 P).

249 1283 421 1368 Σύμβολον
466 1287 580 1347 autem
625 1283 679 1350 vel
724 1281 884 1370 σύμβολος
925 1281 1022 1349 'varia
1069 1283 1310 1370 significatione

141 1388 287 1454 occurrit
309 1389 496 1454 secundum
519 1395 577 1454 aut
599 1391 769 1474 passivam
793 1396 851 1455 aut
881 1391 1026 1458 activam
1050 1391 1161 1476 stirpis
1183 1395 1244 1472 βολ
1267 1429 1310 1440 -

141 1495 325 1561 notionem.
366 1495 520 1562 Activam
544 1497 635 1562 enim
657 1497 728 1564 vim
751 1499 964 1582 agnoscimus
986 1499 1022 1562 in
1045 1499 1111 1564 his:

249 1603 280 1691 a)
303 1624 489 1683 occurrens,
514 1603 633 1671 obvius
656 1603 820 1690 (Aeschyl.
846 1605 961 1691 Suppl.
986 1605 1062 1693 502)
1085 1611 1144 1670 etc.

250 1710 283 1798 h)
306 1732 405 1776 omen
428 1711 450 1776 i.
475 1732 501 1776 e.
532 1711 568 1776 id
596 1711 687 1796 quod
718 1711 852 1779 obviam
879 1713 1037 1779 venit-
1063 1713 1253 1798 Stephanus
1276 1737 1308 1799 p.

145 1818 229 1883 1060
256 1819 284 1882 B
306 1818 363 1883 fin.
380 1857 425 1866 -
447 1820 486 1884 cl.
512 1818 750 1885 Philochorum
773 1841 824 1905 ap.
851 1819 958 1885 Schol.
984 1819 1027 1885 ad
1050 1819 1147 1886 Pind.
1176 1819 1308 1907 Olymp.

141 1924 219 2001 ΧΙΙ,
248 1926 288 1991 10
311 1963 354 1972 -
379 1925 498 1991 Mfiller
525 1925 653 1991 uHcr.
687 1926 713 2006 Ι,
742 1949 774 2012 p.
806 1927 871 1992 416
906 1928 968 2012 Irg.
1001 1927 1188 2004 198l99-
1214 1930 1309 1995 Φιλό-

141 2057 234 2121 χορος
258 2035 294 2100 δὲ
318 2034 378 2114 τοὶς
400 2035 436 2101 ἐκ
459 2035 565 2122 φήμης
586 2048 745 2120 μαντείας
766 2045 910 2102 τουτέστι
934 2033 1094 2133 κληδόνας
1126 2047 1182 2103 καῖ
1210 2061 1309 2125 πταρ-

140 2137 223 2224 μούς
239 2139 261 2229 ἢ
277 2137 386 2226 φωνοὶς
402 2139 422 2228 ἢ
438 2142 546 2228 φήμας
562 2139 582 2228 ἢ
599 2133 838 2228 οἷπαντήσεις
862 2143 1011 2228 σύμβολύ
1034 2167 1108 2230 φησι
1130 2145 1308 2236 λέγεσθαι·

140 2249 207 2315 κτλ.
232 2246 343 2332 Etym.
366 2250 478 2332 magn.
497 2246 547 2312 ed.
566 2245 763 2312 Gaisiord‘s.
780 2267 811 2314 v.
830 2249 1012 2331 σύμβολον;
1038 2255 1164 2340 εἴρηται
1181 2251 1218 2317 δὲ
1235 2251 1310 2332 σύμ-

140 2351 240 2434 βολον
255 2353 291 2420 ἐκ
309 2361 368 2423 τού
383 2352 583 2439 συμβάλλειν
598 2367 654 2423 καὶ
672 2355 714 2432 ἐξ
736 2357 1008 2442 ύπαντήσειος
1025 2369 1308 2445 προσπίπτειν.
1363 2417 1364 2420 ,

249 2459 278 2546 c)
302 2458 450 2548 σύμβολα
480 2461 572 2526 idem
602 2461 693 2547 quod
727 2461 830 2527 latine
863 2463 1068 2527 confluentes
1096 2463 1129 2527 h.
1159 2483 1185 2528 e.
1218 2463 1310 2528 locus

143 2587 212 2652 quo
235 2568 412 2633 confluunt
433 2568 575 2633 flumina
597 2606 640 2615 —
663 2569 806 2634 Pausan.
833 2568 925 2648 VIII,
950 2570 1002 2649 24,
1031 2571 1056 2634 1.
1082 2607 1126 2615 —

251 2673 375 2740 Contra
405 2675 540 2761 passiva
567 2676 679 2760 stirpis
713 2682 834 2742 natura
861 2675 1103 2762 explicabimus
1138 2675 1309 2742 usitatissi-

142 2801 237 2846 mam
254 2781 356 2848 huius
379 2783 470 2848 vocis
494 2782 675 2862 notionem,
693 2782 751 2848 ubi
767 2782 959 2868 symbolum
982 2789 1032 2849 est
1047 2805 1109 2862 res,
1134 2804 1220 2868 quae
1236 2770 1310 2848 con·

140 2889 257 2953 fertur.
305 2888 408 2954 Cuius
431 2911 513 2954 usus
536 2890 618 2956 haec
641 2890 821 2975 perlustres
845 2891 1014 2976 exempla:

253 2998 280 3060 1.
305 3001 337 3080 a)
360 3018 448 3082 pars,
472 2997 505 3062 h.
530 3018 556 3062 e.
583 3019 645 3073 ree,
676 3018 865 3082 quaecum
893 2997 997 3062 altera
1024 2997 1173 3063 coniecta
1201 3004 1310 3063 totum

95 3188 98 3194 Ι
143 3102 275 3188 aliquid
303 3103 419 3184 elficit;
452 3104 499 3169 sic
530 3105 663 3190 saepius
695 3103 787 3190 apud
813 3104 1027 3170 Aristotelem
1050 3142 1091 3152 -
1115 3105 1156 3170 of.
1181 3105 1309 3183 Bonita,

141 3209 213 3276 ind.
231 3209 330 3276 Arist.
348 3233 380 3296 p.
401 3210 493 3280 715b
511 3212 596 3276 1-8
613 3234 671 3292 -;
689 3210 882 3296 exemplum
903 3210 1157 3276 celeberrimum
1172 3212 1310 3276 afferam

140 3339 186 3383 ex
208 3317 356 3398 Platone,
382 3309 441 3404 qui
463 3319 500 3384 in
523 3318 678 3386 convivio
701 3318 962 3403 Aristophanem
985 3318 1152 3385 dicentem
1174 3319 1254 3384 lacit
1276 3341 1307 3404 p.

145 3426 209 3490 191
233 3425 264 3490 D
291 3423 352 3512 (ed.
378 3426 507 3514 Herm.)
522 3426 678 3508 Ἕκαστος
702 3421 759 3497 οὖν
781 3423 875 3514 ήμῶν
902 3429 990 3494 ἐστὶν
1022 3425 1207 3517 ἀνθρώπου
1237 3428 1310 3512 ξύμ·
1371 3413 1375 3420 ¹

138 3537 252 3615 βολον,
284 3529 344 3608 ἅτε
375 3546 569 3621 τετμημένος
601 3531 709 3624 ὥσπερ
738 3541 774 3602 αἱ
806 3539 940 3629 ψῆτται,
964 3535 1001 3613 ἐξ
1024 3533 1096 3614 ἑνδς
1119 3536 1199 3602 δύο’
1226 3537 1313 3620 ζητεῖ

140 3642 182 3730 δὴ
209 3643 261 3708 δεῖ
285 3643 322 3708 τὸ
347 3644 449 3710 αύτού
472 3648 606 3723 ἕκαστος
630 3644 792 3728 ξύμβολον
815 3646 897 3720 κτλ.;
934 3641 999 3706 alia
1033 3641 1186 3727 exempla
1214 3641 1311 3705 affert

140 3748 304 3834 Stephon.
325 3771 358 3834 p.
386 3748 471 3814 1060
494 3748 528 3814 C.
554 3749 595 3828 D,
620 3749 680 3834 qui
707 3770 787 3816 vero
819 3749 952 3835 saepius
979 3749 1068 3824 hano
1097 3769 1212 3815 veram
1236 3769 1310 3834 σομ-

137 3854 243 3938 βύλοο
267 3855 358 3922 vocis
382 3855 660 3942 significationem
682 3877 752 3922 non
775 3855 868 3923 vidit.
882 3855 906 3944 4)

251 4176 274 4245 ⁴)
292 4177 364 4231 Num
384 4175 518 4250 σύμβολον
536 4176 732 4247 significaverit
749 4191 876 4245 umquam
891 4176 938 4231 :id
957 4177 1027 4245 quod
1041 4175 1186 4247 confertur,
1200 4176 1312 4232 eolleeta

139 4295 176 4306 —
196 4266 225 4321 id
238 4267 310 4334 quod
322 4273 406 4336 negat
420 4266 574 4334 Stephanus
588 4271 656 4324 1061
674 4266 706 4320 A.
721 4267 753 4320 B.
774 4295 806 4305 -
827 4267 938 4320 dubium
960 4273 1014 4331 est;
1034 4267 1117 4336 vulgo
1136 4267 1185 4320 hae
1203 4266 1311 4320 notione

139 4361 291 4424 usurpatur
316 4371 413 4410 nomeu
439 4353 566 4427 συμβολή,
586 4357 656 4422 quod
682 4356 779 4410 mirum
803 4361 852 4424 est,
879 4372 941 4409 nam
965 4360 1150 4423 exspectamus
1176 4352 1311 4426 συμβολήν

140 4446 279 4500 actionem
299 4445 463 4515 conferendi,
490 4443 624 4516 σύμβολον
642 4459 705 4500 vero
723 4461 779 4499 rem
798 4445 922 4499 collatam
948 4451 1050 4514 notare,
1069 4446 1139 4511 quod
1157 4443 1259 4512 primus
1278 4473 1310 4484 —

139 4535 218 4590 haud
235 4534 354 4588 feliciter
373 4563 406 4574 —
419 4577 422 4582 .
437 4534 606 4603 &stinguere
633 4533 779 4601 temptavit
798 4533 935 4603 Suicema
954 4536 1097 4589 thesaurus
1116 4534 1261 4591 ecclesiast.
1280 4533 1312 4590 11

140 4641 171 4697 p.
191 4628 258 4680 1081
279 4639 337 4694 sqq.
355 4605 557 4694 (edissenae).
