3488 5584
634 407 848 471 ..37-

149 610 225 671 τοῖν
248 603 385 690 κυάμων
409 607 647 693 παραγγέλλειν
670 599 772 673 αιῖτδν
796 603 986 689 άπέχεσθαι
1010 604 1077 669 τοῖν
1100 603 1235 688 κυάμων
1254 581 1323 669 κτλ.

149 717 404 795 —sequuntur
427 733 514 795 quae
538 732 639 795 supra
662 711 757 775 attuli
780 711 818 774 ir.
845 712 865 774 3
888 733 920 796 p.
939 710 1122 795 25sqq.-
1138 721 1194 777 καὶ
1217 717 1323 779 ταῦτα
1431 759 1435 766 .

152 830 222 900 μέν
253 839 350 906 φησιν
380 815 631 912 δἈλίξανόρρς
661 820 697 884 ἐν
727 831 791 896 τὀῑς
815 827 1056 905 Πυθαγορικοῖς
1091 819 1325 905 ὑπομνήμασιν

150 928 339 1013 εὑρηκέναι,
364 935 419 992 καὶ
442 924 484 991 τά
509 927 642 992 ἐκείνων
665 927 804 1010 ἐχόμενα
828 928 846 989 o‘
869 919 1089 1015 Ἀριστοτέλης.

267 1050 418 1115 Revera
453 1072 527 1114 curn
564 1049 749 1116 Aristotelis
773 1051 960 1134 fragmento
983 1050 1122 1115 minime
1150 1050 1324 1116 cohaerere

153 1157 244 1222 haec
260 1155 364 1222 verba
380 1157 521 1220 efficitur
544 1157 691 1242 primurn
709 1156 844 1242 quidem
862 1179 900 1222 ea
917 1179 960 1234 re,
978 1157 1069 1242 quod
1086 1157 1157 1242 ipse
1173 1157 1324 1221 Laertius

150 1265 256 1349 Diog.
291 1271 360 1328 tam
395 1265 537 1328 clareat
568 1263 721 1328 distincte
745 1264 879 1328 initium
913 1265 1091 1348 fragmenti
1124 1263 1324 1328 Aristoteliei

153 1371 296 1448 indicat,
321 1376 358 1434 ut
382 1393 425 1434 m.
450 1392 505 1456 qu.
525 1392 548 1434 s.
574 1370 636 1435 hac
660 1370 700 1435 de
718 1392 751 1435 re
776 1370 952 1456 disceptari
968 1391 1036 1435 non
1060 1371 1179 1455 possit;
1205 1370 1324 1436 deinde

151 1478 243 1542 haec
259 1477 442 1542 sententiae
459 1497 537 1541 curn
561 1477 607 1542 eis
624 1499 709 1562 quae
733 1476 935 1542 antecedunt
950 1484 1018 1542 tarn
1042 1484 1111 1542 arto
1128 1479 1324 1542 coniunctae

152 1591 248 1662 sunt,
274 1591 402 1649 utnon
426 1585 496 1648 sinc
527 1605 651 1669 magna
673 1584 867 1649 difficultate
897 1583 975 1650 inde
998 1584 1149 1650 abscindi
1178 1585 1322 1669 possiut;

153 1691 392 1756 antecedentia
408 1697 519 1756 autem
538 1690 735 1777 deprompta
751 1696 829 1755 sunt
845 1712 886 1756 ex
902 1691 1083 1756 Alexandri
1097 1691 1333 1777 (Polyhistoris.

152 1797 251 1862 haud
275 1797 386 1872 dubie)
419 1801 601 1886 φιλοσόφων
631 1799 805 1880 διαδοχαῖς
835 1797 886 1883 (ci.
911 1799 934 1883 ξ
957 1799 1000 1862 24
1021 1797 1106 1885 fin.);
1136 1797 1326 1863 Alexander

155 1927 242 1971 vero
266 1905 386 1982 hausit,
405 1912 443 1969 ut
457 1905 528 1990 ipse
545 1905 726 1990 profitetur,
752 1926 793 1970 cx
810 1911 1054 1996 Πυθαγορικοῖς
1070 1904 1324 1992 ιῖιιομνήμασιν,

157 2034 309 2097 quorum
335 2011 375 2076 de
399 2017 520 2077 natura
542 2018 575 2076 et
605 2011 669 2076 fide
693 2013 734 2076 ci.
760 2033 846 2097 quae
870 2012 983 2076 docuit
1004 2012 1119 2091 Zeller‚
1144 2012 1266 2076 Philos.
1292 2011 1322 2075 d.

155 2120 215 2184 Gr.
251 2119 309 2194 Ill,
335 2117 381 2182 2³
412 2141 442 2202 p.
471 2119 512 2183 88
544 2141 592 2202 sq.
657 2118 711 2182 Ad
745 2126 912 2204 postrema
947 2119 1128 2184 Alexandri
1163 2119 1321 2204 Polyhist.

153 2226 263 2292 verba
286 2227 473 2290 accuratius
497 2225 694 2311 explicanda
723 2226 900 2290 adducitur
923 2226 1108 2291 Aristotelis
1136 2227 1323 2299 auotoritas,

156 2354 265 2418 quare
282 2333 355 2418 ipsa
371 2334 453 2397 hacc
469 2333 571 2400 verba
586 2333 754 2398 Aristoteli
771 2333 871 2398 tribui
888 2355 956 2397 non
973 2339 1121 2419 possunt.
1151 2333 1325 2398 Adductus

155 2447 209 2505 est
241 2441 379 2505 tortasse
409 2441 448 2504 V.
479 2441 566 2505 Rosa
597 2446 634 2504 ut
666 2440 761 2505 aliter
794 2441 930 2505 sentiret
963 2441 1015 2505 his
1050 2439 1323 2525 cogitationibus:

154 2554 350 2632 congruunt
372 2547 542 2611 nonnullis
565 2548 600 2611 in
624 2547 727 2612 rebus
740 2547 921 2612 Alexandri
937 2547 1096 2632 Polyhist.
1119 2547 1222 2613 verba
1244 2569 1320 2611 curn

154 2659 245 2719 certe
262 2654 489 2732 AristoteliciS,
514 2655 600 2719 sicut
623 2676 708 2739 quae
733 2654 890 2719 dicuntur
909 2653 950 2719 dc
974 2654 1102 2740 legibus
1124 2654 1320 2719 caeremoni-

154 2761 268 2825 alibus
291 2783 311 2824 a
334 2761 552 2846 Pythagoreis
575 2761 757 2827 observatis
788 2767 858 2840 etc,
884 2761 942 2826 sed
971 2761 1094 2826 iniuria
1125 2761 1203 2826 inde
1236 2761 1321 2826 colli-

154 2869 249 2953 gitur
282 2868 364 2932 haec
400 2868 573 2932 enuntiata
597 2867 781 2933 Aristotelis
812 2869 998 2952 fragmento
1031 2867 1210 2932 asserenda
1240 2890 1320 2946 csse,

155 2998 238 3039 nam
263 2981 321 3040 aut
364 2974 518 3039 adhibuit
563 2994 751 3060 anonymus
790 2983 1034 3064 Πυθαγορικῶν
1078 2975 1322 3063 ὑπομνημάτων
1417 3052 1419 3055 .

154 3087 273 3147 auctor
296 3082 481 3146 Aristotelis
506 3081 628 3146 librum
660 3094 734 3173 περὶ
763 3090 829 3150 τοῖν
853 3091 1090 3172 Πυθαγορείων
1115 3121 1155 3128 --
1172 3081 1207 3146 id
1231 3082 1321 3166 quod

92 3259 97 3268 ,
155 3189 240 3254 mihi
265 3188 401 3276 quidem
426 3189 605 3254 verisimile
632 3197 774 3254 nonest
801 3227 837 3234 «-
864 3196 922 3253 aut
949 3211 989 3254 ex
1020 3211 1135 3284 eorum
1159 3189 1320 3274 Pythago-

159 3318 294 3360 reorum
317 3318 456 3360 numero
482 3303 560 3374 erat,
590 3297 648 3380 qui
683 3296 815 3382 propria
846 3297 999 3360 societate
1023 3296 1245 3382 Pythagorica
1269 3317 1320 3360 ex·

155 3404 278 3468 stincta
297 3441 331 3448 -·
353 3403 511 3488 postremi
536 3424 614 3467 vcro
630 3403 829 3488 Pythagorei
854 3410 949 3467 erant
965 3384 1159 3467 Aristoxeni
1171 3409 1320 3468 auctores

155 3532 301 3575 --cum
325 3509 458 3594 Cynicis
487 3509 691 3594 quibusdam
721 3516 753 3574 et
782 3509 937 3594 Orphicis
966 3509 1134 3574 coniuncti
1158 3509 1320 3594 Pythago-

156 3618 260 3682 ricam
284 3615 419 3682 vivendi
444 3617 606 3680 rationem
632 3614 663 3702 (a
679 3616 827 3682 Luciano
843 3617 910 3680 iam
934 3615 1077 3681 derisam
1094 3617 1134 3681 cl.
1151 3617 1181 3680 J.
1200 3617 1319 3692 Burs,

156 3726 197 3789 ll.
224 3724 332 3788 Rhen.
358 3723 478 3800 ΧΙᾹΙΙ,
503 3725 546 3788 90
568 3730 630 3808 sq.)
654 3723 904 3800 continuabant,
928 3723 1043 3788 multis
1068 3722 1203 3808 quidem
1228 3723 1319 3787 falsis

154 3831 340 3917 praeceptis
375 3836 536 3908 ornatam,
573 3831 631 3894 scd
669 3835 782 3894 tamen
816 3829 1065 3914 quodaminodo
1104 3851 1180 3894 curn
1215 3829 1320 3914 ipsius
1372 3839 1377 3854 “

156 3938 364 4025 Pythagorae
389 3937 539 4001 doctrina
563 3937 808 4016 cohaerentem;
825 3937 854 4024 ²⁸)
878 3937 998 4002 deinde
1022 3937 1150 4004 veroin
1175 3957 1320 4000 errorem

154 4045 268 4111 induci
293 4044 401 4130 potuit
418 4043 457 4109 V.
477 4045 563 4109 Rose
587 4045 724 4122 rationo,
749 4066 817 4129 qua
832 4045 940 4109 fontes
957 4065 1035 4109 suos
1062 4042 1188 4108 indicat
1211 4043 1317 4108 Lacrt.

155 4153 262 4237 Diog.,
280 4152 341 4237 qui
365 4151 497 4236 saepius
522 4152 568 4215 ita
590 4152 698 4216 tontes
723 4173 799 4216 suos
822 4151 946 4229 laudat,
964 4157 1001 4214 ut
1025 4172 1102 4216 curn
1126 4155 1319 4214 exauctare

154 4261 267 4346 aliquo
292 4265 469 4344 praecepta
492 4258 658 4343 quaedam
690 4258 789 4323 allata
812 4257 887 4335 sint,
919 4258 971 4322 his
995 4257 1162 4322 addantur
1191 4256 1256 4320 alia
1279 4278 1319 4320 ex

260 4581 288 4652 ⁸)
307 4577 449 4650 [similiter
468 4579 571 4647 Rohde,
593 4579 696 4645 Psyche
715 4595 739 4644 p.
760 4583 820 4644 452,
843 4579 877 4646 l.]
937 4621 939 4626 ,
