3488 5584
871 431 1092 497 ..14-

402 629 582 696 Jamblichi
626 628 827 715 protreptico
866 626 1121 712 depromptum,
1154 631 1191 692 et
1234 627 1369 692 tertium
1408 624 1572 710 Gottlingi

404 733 554 820 ἄκουσμα
578 758 609 821 p.
636 737 719 801 290:
744 735 951 822 ἀνυπόδητος
974 739 1039 802 θῦε
1063 746 1118 803 καὶ
1142 732 1349 822 προσκιῗνειδ),
1386 732 1477 819 quod
1511 731 1570 798 vit.

404 844 502 929 Pyth.
528 845 570 908 85
594 843 747 908 nominat
769 840 978 908 lamblichus
1002 841 1162 928 ἄκουσμα,
1193 841 1229 905 in
1262 840 1463 926 protreptico
1493 859 1572 905 vero

405 972 431 1016 c.
449 951 533 1014 XXI
549 973 581 1036 p.
602 952 664 1016 106
687 949 742 1013 fin.
761 948 811 1014 ed.
836 948 961 1014 Pistelli
975 947 1154 1034 σύμβολον
1180 954 1357 1034 praecepta
1381 948 1472 1012 enim
1495 951 1575 1010 sunt

340 1130 343 1136 ,
406 1058 447 1123 dc
490 1055 657 1123 munditia
690 1057 727 1120 in
762 1054 977 1122 sacrificando
1021 1054 1239 1134 observanda,
1277 1055 1400 1120 similia
1433 1049 1574 1120 Hesiodi

404 1165 532 1229 monito
556 1185 607 1249 op.
634 1169 667 1228 et
689 1162 759 1228 dies
782 1185 812 1229 v.
841 1161 982 1237 742l43:

566 1273 652 1356 Moo’
678 1269 748 1338 ἄπο
772 1271 943 1349 πεντόζοιο
978 1274 1071 1338 θεῶν
1106 1271 1143 1337 ἐν
1166 1269 1257 1338 δαιτὶ
1279 1273 1399 1368 θαλείῃ

564 1372 660 1446 Αὖον
684 1378 753 1445 cinci
777 1380 901 1467 χλωροῦ
924 1376 1061 1463 τάμνειν
1084 1384 1207 1445 αἴθωνι
1232 1374 1359 1464 σιδήρῳ.

513 1503 642 1584 Eadem
674 1502 776 1587 igitur
808 1501 897 1568 dicta
932 1501 974 1568 ab
1009 1502 1201 1568 auctoribus
1235 1502 1357 1567 nostris
1396 1501 1467 1566 sine
1491 1499 1574 1564 ‘ullo

407 1610 599 1676 discrimine
623 1615 787 1675 vocantur
804 1609 997 1695 α’κούσμοιοα
1023 1609 1092 1675 sive
1109 1608 1272 1695 σύμβολος
1298 1608 1469 1694 quaeritur
1484 1627 1573 1686 vere,

411 1740 494 1783 num
518 1717 589 1803 ipso
626 1716 695 1781 iam
719 1716 925 1802 Pythagoras
950 1722 1126 1802 praecepta
1149 1737 1211 1780 sua
1233 1716 1285 1780 his
1316 1713 1447 1781 duobus
1470 1713 1575 1779 titulis

409 1825 619 1902 continuerit,
657 1821 698 1889 de
733 1844 801 1908 qua
828 1843 863 1888 re
887 1822 1034 1889 iudicare
1058 1822 1169 1888 licebit
1192 1823 1378 1888 accuratius
1410 1841 1576 1908 perpensa

409 1933 531 1996 harum
554 1951 677 1998 vocum
700 1936 828 1994 natura.

508 2037 671 2125 ’Άκοοσμα
705 2039 824 2102 autem
848 2036 1035 2104 derivatum
1066 2035 1108 2102 ab
1131 2039 1242 2106 αἰούο
1266 2037 1399 2122 proprie
1422 2035 1511 2104 valet
1534 2073 1576 2082 —

409 2145 449 2210 ci.
486 2145 695 2232 Stephanum
727 2144 810 2209 thes.
842 2143 921 2230 ling.
947 2165 1054 2230 graec.
1086 2166 1110 2209 s.
1140 2166 1191 2223 v.;
1223 2144 1248 2208 Ι,
1274 2144 1318 2208 Η.
1343 2144 1387 2209 H.
1413 2141 1575 2218 Schmidt,

412 2251 599 2339 Synoymik
632 2251 691 2316 der
713 2273 759 2337 gr.
787 2251 933 2337 Sprache
957 2251 982 2330 I,
1010 2253 1060 2330 12,
1085 2254 1104 2316 6
1129 2273 1160 2337 p.
1187 2251 1251 2317 280
1287 2289 1328 2298 -
1354 2239 1490 2316 'audino
1515 2248 1577 2314 dis-

390 2359 531 2445 cipuli,-
548 2359 580 2424 h.
607 2379 633 2424 e.
657 2358 693 2423 id
720 2357 811 2444 quod
833 2358 928 2422 audit
951 2358 1135 2444 discipulus
1159 2381 1176 2424 c
1204 2365 1425 2444 praeceptore.
1473 2356 1578 2442 Atqui

410 2472 540 2532 constat
554 2465 781 2552 Pythagoram
804 2465 896 2530 omni
918 2465 1105 2530 litterarum
1120 2465 1245 2531 auxilio
1269 2471 1379 2551 spreto
1397 2463 1577 2550 discipulos

303 2577 306 2584 ’
411 2574 480 2638 solo
496 2573 610 2641 vivido
626 2572 809 2637 instituisse
830 2593 992 2652 sermone,
1016 2573 1107 2658 ipsos
1124 2594 1201 2640 vero
1217 2572 1398 2658 discipulos
1421 2572 1493 2637 sine
1508 2571 1577 2636 ulla

410 2680 698 2766 argumentatione
723 2679 921 2765 sapientiam
946 2681 1017 2744 eius
1030 2681 1198 2766 accepisse
1222 2685 1255 2745 et
1278 2680 1375 2765 quasi
1398 2678 1451 2744 dai
1475 2680 1575 2744 effata

409 2794 583 2856 veneratos
608 2807 697 2865 esse;
727 2786 852 2872 optime
880 2787 983 2872 igitur
1004 2787 1080 2852 talis
1111 2786 1287 2873 disciplina
1315 2787 1463 2873 ἄκουσμα
1493 2807 1574 2853 voce

411 2893 617 2974 describitur,
642 2899 674 2959 et
703 2894 886 2980 Gottlingio
909 2893 1145 2974 adsentiemua
1182 2894 1241 2980 qui
1277 2893 1323 2960 sic
1358 2900 1396 2958 ut
1428 2891 1575 2981 ὅμοὶκοοι,

410 3005 584 3089 ὅμαιοεῑον
608 3007 668 3066 eto.
704 3002 875 3087 propriam
898 3001 1186 3088 Pythagoreorum
1219 3021 1337 3068 vocem
1373 3022 1445 3067 esse
1479 3005 1576 3087 putat

411 3103 569 3196 ἄκουσμα.
1321 3143 1326 3150 ·

515 3215 568 3282 Ab
598 3216 748 3303 ἄκουσμα
776 3237 858 3284 voce
890 3215 1080 3283 derivatum
1112 3221 1162 3282 est
1184 3255 1227 3263 —-
1251 3216 1290 3281 cf.
1316 3237 1348 3302 p.
1373 3217 1394 3281 5
1422 3253 1451 3265 -
1484 3235 1575 3280 acue-

410 3323 609 3392 maticorum
632 3345 765 3402 nomen,
802 3344 869 3408 quo
892 3324 1099 3410 Pythagoras
1132 3325 1204 3410 ipse
1228 3323 1420 3410 designasse
1442 3321 1576 3389 videtur

411 3431 600 3518 discipulos,
636 3432 683 3512 οἷς
706 3431 812 3521 ψιλοῖς
847 3440 904 3498 καὶ
928 3427 1008 3501 ἄνευ
1032 3439 1089 3518 τῆς
1124 3439 1235 3512 αἰτίοις
1270 3468 1311 3480 -
1354 3432 1395 3496 ef.
1430 3453 1461 3518 p.
1487 3431 1508 3496 5
1532 3467 1574 3478 -

411 3542 575 3627 διελέχθη,
607 3539 701 3603 aliter
724 3545 824 3624 atque
847 3539 1110 3615 mathematicos,
1145 3539 1192 3618 οἷς
1222 3539 1265 3606 δι’
1288 3539 1486 3617 ἀποδείξεως
1518 3551 1576 3606 καὶ

392 3655 476 3715 ’τοῖν
498 3642 711 3734 μαθημάτων
734 3644 957 3732 ἐνετύγχανεν.
989 3647 1109 3712 Postea
1130 3667 1209 3712 vero
1233 3685 1275 3693 —
1297 3651 1374 3732 post
1389 3646 1575 3711 Aristotelis

412 3760 554 3820 aetatem
589 3791 630 3800 -
666 3774 744 3819 cum
778 3754 901 3820 aviris
936 3753 1041 3819 doctis
1073 3752 1332 3841 (Alexandrinis)
1366 3752 1491 3818 tributa
1526 3760 1577 3818 est

411 3859 655 3926 mathematicis
678 3859 890 3946 philosophia
918 3861 1149 3947 Pythagorica,
1185 3861 1228 3926 ad
1251 3882 1354 3946 quam
1377 3879 1575 3947 praeparare

411 3966 593 4054 putabatur
615 3967 896 4033 acusmaticorum
920 3967 1092 4053 sapientia,
1128 3967 1230 4033 aliam
1261 3967 1388 4054 accepit
1423 3966 1573 4053 ἄκουσμα

414 4074 709 4160 significationem;
726 4074 881 4160 amplexa
897 4075 987 4140 enim
1003 4080 1053 4141 est
1067 4097 1136 4140 non
1151 4075 1261 4140 solum
1272 4081 1443 4141 acusmata
1457 4076 1576 4162 Pytha-

411 4201 521 4266 gorae,
546 4180 604 4246 sed
627 4179 728 4246 etiam
751 4181 1034 4248 introductionem
1056 4181 1337 4262 mathematicam,
1362 4188 1399 4247 ut
1421 4182 1576 4249 videmus

413 4309 455 4354 ex
475 4288 661 4374 Porphyrio
683 4310 715 4355 v.
740 4289 776 4355 P.
801 4289 842 4353 37
867 4287 1018 4354 Nauck²:
1043 4299 1267 4378 μαθηματικοὶ
1290 4295 1320 4357 oi
1335 4291 1401 4358 ,οόν
1431 4289 1577 4380 περιπό-

520 4608 542 4684 ⁸>
561 4610 594 4665 ot.
613 4609 730 4684 Lobock,
749 4609 928 4682 Aglaophon.
947 4626 974 4680 p.
993 4613 1054 4666 249.
