3488 5584
892 375 1185 502 -8-.

411 658 453 702 ex
485 633 577 700 libris
611 632 764 719 Hippaso
799 633 1008 719 Pythagoreo
1043 630 1184 698 subditis
1206 669 1245 679 --
1284 632 1325 697 of.
1361 630 1570 696 Demetrium

412 744 448 811 ἐν
465 742 648 827 ὁμωνύμως
671 759 723 825 ap.
741 739 776 805 L.
794 740 835 804 D.
855 739 944 818 VIII,
960 739 1002 804 84
1015 777 1066 814 -,
1091 738 1257 824 siquidem
1284 760 1323 804 ca
1347 759 1388 804 ex
1410 759 1455 817 re,
1480 737 1571 823 quod

412 850 455 915 ad
489 847 681 934 Hippasum
712 846 818 912 redire
848 846 1055 912 contendunt
1096 845 1289 912 aousmatici
1320 849 1571 935 μαθηματικῶν
1640 873 1644 882 ·

411 968 649 1046 πραγματείαν,
675 949 871 1019 concludere
894 952 970 1018 licet
1003 953 1091 1019 hano
1114 953 1339 1019 narrationem
1370 953 1505 1018 fluxisse
1529 974 1570 1017 ex

401 1054 505 1129 'libris
528 1063 680 1148 Hippaso
704 1060 887 1146 adscriptis.
935 1059 1162 1126 Mathematici
1185 1081 1273 1139 vero,
1297 1081 1389 1140 ¹curn
1424 1081 1570 1125 aousma-

412 1171 494 1237 tioos
516 1189 612 1236 veros
648 1188 719 1232 esse
747 1166 955 1253 Pythagorae
989 1166 1095 1252 ipsius
1130 1166 1310 1252 discipulos
1345 1188 1467 1252 negare
1501 1189 1570 1233 non

411 1281 556 1364 possent,
579 1275 669 1359 ipsos
686 1273 735 1342 ἔτι
748 1276 874 1361 μᾶλλον
896 1273 1119 1360 ἢτὶἱλεγουσιν
1135 1276 1227 1343 αὐτοὶ
1251 1274 1366 1364 ἀληθῆ
1389 1277 1476 1342 εἶναι
1499 1274 1570 1340 eius

413 1388 589 1470 praecepta
623 1401 754 1447 servare
782 1380 1054 1466 pronuntiabant,
1086 1387 1360 1466 argumentorum
1394 1381 1571 1467 penuriam

412 1489 553 1556 audacia
568 1489 721 1568 celantes
738 1487 998 1574 Pythagoricum
1013 1487 1097 1553 illud
1112 1481 1211 1569 αὐτὸς
1227 1489 1290 1576 ἔφα
1314 1489 1449 1568 imitati;
1476 1510 1569 1574 argu-

413 1602 526 1662 menta
556 1596 646 1661 enim
668 1595 863 1686 conquirere
887 1595 991 1675 coacti
1024 1595 1184 1660 insuam
1226 1617 1326 1660 usum
1361 1597 1571 1661 transforma-

413 1709 543 1782 verunt,
568 1722 654 1788 quae
677 1705 757 1766 nota
779 1707 873 1766 erant
896 1700 937 1766 de
961 1700 1091 1766 duabus
1107 1701 1314 1788 Pythagorae
1331 1701 1571 1788 discipulorum

414 1810 584 1887 classibus,
616 1814 648 1872 et
682 1807 901 1872 aousmatioos
935 1806 999 1893 ipsi
1022 1807 1230 1894 Pythagorae
1265 1809 1368 1874 fuisse
1403 1810 1572 1875 finxerunt

414 1916 487 1996 τούς
499 1921 730 2006 πρεσβυτέρους
742 1927 797 1982 καὶ
811 1912 966 2002 οἷσχὸλους
977 1918 1044 1982 κτλ.
1058 1913 1189 2002 (Jambl.
1200 1938 1232 1982 v.
1250 1915 1286 1979 P.
1300 1937 1331 2000 p.
1347 1917 1443 1996 65,ss
1460 1937 1507 2001 sq.
1518 1916 1571 1998 N),

413 2022 666 2088 mathematicos
701 2027 813 2086 autem
842 2023 915 2102 τούς
947 2033 1116 2113 νεωτέρους
1146 2033 1201 2090 καὶ
1226 2024 1427 2110 δυναμένους
1461 2041 1573 2092 πονεῖν

414 2144 470 2199 zat
493 2131 686 2217 μανθάνειν
708 2126 752 2216 (p.
779 2129 852 2200 cal
878 2151 925 2214 sq.
951 2128 1003 2216 N),
1038 2128 1084 2194 sic
1117 2129 1428 2195 mathematicorum
1453 2131 1571 2211 prinoi-

414 2244 532 2325 patum
554 2237 622 2300 iam
645 2235 687 2301 ab
710 2236 783 2321 ipso
806 2235 996 2322 Pythagora
1012 2235 1221 2301 deducentes.
1268 2237 1438 2323 Imprimis
1461 2244 1573 2303 autem
1643 2319 1645 2324 Ι

415 2341 619 2410 removen‘da
652 2349 722 2407 erat
744 2341 929 2407 Aristotelis
953 2342 1141 2422 auctoritas,
1178 2365 1246 2429 qua
1268 2343 1461 2410 nitebantur
1483 2366 1572 2410 aous-

415 2450 537 2529 matioi,
560 2449 703 2535 ideoque
723 2449 816 2514 testis
839 2449 960 2534 aliquis
976 2450 1202 2515 enucleandas
1218 2449 1394 2516 Aristotele
1416 2451 1481 2516 fide
1504 2452 1580 2537 dig·¹

414 2559 496 2626 nior.
558 2556 623 2622 Hic
658 2577 736 2622 vero
770 2556 862 2621 testis
896 2563 966 2622 erat
999 2557 1198 2636 Heraclitus,
1238 2564 1276 2623 ut
1312 2559 1463 2644 sequitur
1499 2581 1574 2625 mea

415 2665 553 2753 quidem
583 2663 739 2750 opinione
774 2684 815 2728 ex
849 2663 901 2729 his
933 2663 1175 2730 Nicomaoheae
1206 2663 1441 2750 disputationis
1464 2666 1574 2733 verbis

415 2772 458 2860 (p.
485 2772 557 2852 78,1
584 2792 656 2857 sqq.
681 2770 795 2850 Festa3
819 2792 850 2856 p.
870 2772 1032 2850 cca-12
1053 2770 1183 2859 Nauck)
1207 2774 1331 2856 λέγουσι
1354 2776 1390 2841 δὲ
1414 2781 1443 2840 οἱ
1458 2781 1575 2843 Ποθα-

414 2878 534 2970 γόρειοι
568 2880 784 2966 ἐξενηνέχθαι
818 2891 1016 2968 γεωμετρίαν
1046 2878 1145 2958 οὕτως
1164 2900 1169 2911 ’
1187 2878 1371 2960 ἀποβαλεῖν
1406 2907 1480 2949 τινα
1515 2882 1576 2969 τη“ν

416 2980 605 3056 οὐσίαντῶν
625 2992 868 3074 Πυθαγορείων,
892 2981 935 3065 αἱς
958 2987 994 3052 δὲ
1017 2993 1109 3054 τοῦτο
1143 2987 1291 3074 ἠτύχησε,
1317 2987 1462 3074 δοθῆναι
1487 2982 1576 3078 αὐτῷ

415 3099 687 3184 χρηματίσασθαι
712 3084 780 3160 α’πὸ
804 3105 999 3181 γεωμετρίας
1017 3113 1023 3124 ·
1041 3090 1216 3160 ἐκαλεῖτο
1240 3093 1280 3160 δὲ
1304 3095 1324 3181 ἦ
1350 3109 1575 3188 γεωμετρία

416 3201 518 3290 πρὸς
541 3197 795 3288 Πυθαγόρου
818 3205 994 3287 ἱστορία.
1518 3277 1522 3284 ,

521 3305 714 3391 Disputavit
742 3305 805 3370 hac
829 3304 869 3369 de
892 3327 927 3370 re
950 3305 1115 3392 Tannery,
1145 3306 1271 3373 Archiv
1301 3308 1357 3372 fiir
1379 3307 1577 3374 Gesohichte

418 3415 477 3480 der
498 3411 711 3498 Philosophia
727 3412 752 3491 I,
775 3413 816 3476 28
833 3433 917 3497 sqq,
942 3412 1037 3477 cuius
1061 3415 1224 3480 sententia
1240 3436 1318 3480 oum
1341 3415 1387 3480 eis
1404 3415 1576 3495 refutatur,

418 3543 504 3607 quae
527 3519 752 3585 Zeller'affert
785 3541 817 3604 p.
842 3519 916 3599 330,
942 3520 971 3599 2,
997 3525 1069 3584 tum
1093 3541 1131 3586 ea
1154 3543 1199 3600 re,
1235 3521 1326 3607 quod
1360 3521 1482 3587 codicis
1505 3522 1577 3588 Plo-

417 3627 540 3693 rentini
562 3627 757 3692 auctoritate
782 3665 821 3672 --
847 3627 887 3691 oi.
912 3626 1011 3692 Festa
1034 3626 1076 3691 ad
1100 3627 1131 3692 h.
1157 3628 1197 3706 l.;
1234 3629 1361 3708 Nauck,
1385 3630 1508 3715 proleg.
1546 3637 1579 3696 et

417 3734 492 3800 add.
517 3757 549 3820 p.
570 3733 718 3800 LXVIII
754 3771 796 3779 -
831 3734 994 3820 scriptura
1022 3735 1276 3800 commendatur
1298 3735 1576 3822 Kiesslingianae,

417 3863 521 3929 quam
544 3841 695 3926 sequitur
717 3841 883 3928 Tannery,
908 3841 1006 3928 plane
1031 3843 1205 3908 contraria.

523 3948 762 4014 Difficultatem
792 3948 953 4034 praebent
982 3949 1084 4017 verba
1112 3952 1255 4018 ἐκαλεῖτο
1281 4004 1287 4016 .
1313 4001 1319 4014 .
1347 4003 1353 4016 .
1377 4001 1383 4014 .
1411 4005 1416 4016 .
1442 3959 1575 4044 ἱστορία,

418 4079 487 4122 non
509 4055 688 4123 verborum
712 4061 886 4134 structura,
911 4077 991 4121 narn
1015 4078 1101 4142 quae
1124 4057 1262 4143 protulit
1283 4059 1440 4146 Tannery
1463 4066 1579 4126 contra

419 4162 576 4229 Obrechti
600 4162 804 4228 versionem:
843 4163 1044 4242 „vocabatur
1067 4170 1178 4230 autem
1213 4166 1394 4250 geometria
1416 4187 1436 4232 a
1458 4166 1577 4253 Pytha-

418 4291 500 4356 gora
522 4269 691 4348 historia“,
715 4269 829 4334 inania
852 4275 984 4334 sunt-
997 4271 1035 4338 ci.
1061 4271 1213 4351 Khhner,
1239 4272 1294 4337 Gr.
1320 4272 1456 4338 Gram.²
1479 4274 1521 4353 II,
1549 4277 1576 4338 1.

419 4378 441 4464 ξ
463 4375 538 4455 444,
564 4377 583 4440 2
607 4397 641 4474 o,
658 4405 687 4460 γ,
711 4382 735 4457 β
757 4414 809 4454 -,
833 4375 891 4442 sed
914 4385 1124 4463 argumento;
1150 4379 1241 4465 quod
1263 4379 1494 4466 intellegemus
1517 4383 1578 4446 ool-

420 4483 485 4548 lato
521 4482 683 4548 Heracliti
722 4483 908 4568 fragmento
952 4506 1005 4570 ap.
1041 4485 1077 4550 L.
1113 4485 1152 4551 D.
1190 4486 1281 4566 VIII,
1318 4489 1338 4552 6
1372 4495 1502 4554 servato
1536 4527 1579 4538 -—

420 4589 481 4676 frg.
522 4591 560 4653 17
597 4590 687 4676 Byw.
724 4629 765 4637 -
801 4593 1002 4682 Πυθαγόρης
1037 4596 1236 4686 Μνησάρχου
1269 4601 1409 4686 ἱστορίην
1443 4591 1580 4686 ἤσκησεν
