3488 5584
627 447 847 515 „25-

262 641 322 724 τάς
339 645 367 711 d'
383 643 520 735 ἄρκτους
533 647 623 724 Ῥέας
639 663 758 736 χεῖρας,
774 642 835 735 τήν
851 648 887 714 δὲ
902 647 1047 714 πλειάῦα
1064 655 1194 730 μουσιῦν
1210 647 1321 738 λῦραν,

261 754 334 832 τοῦς
357 755 393 820 δὲ
415 753 585 837 πλάνητας
606 755 707 832 κῦνας
730 759 786 841 τῆς
810 751 1023 845 Περσεφόνης,

261 857 371 928 τόνδ’
398 863 433 928 ἐκ
461 863 585 946 χαλκοῦ
616 873 810 950 κρουομένων
839 861 1012 947 γινόμενον
1041 857 1119 949 ἦχον
1143 863 1253 949 φωνήν
1282 861 1323 928 εἴ·

315 981 375 1036 ναί
394 995 480 1046 τινος
504 968 571 1035 ταῖν
594 967 761 1054 δαιμόνων
783 971 1065 1057 ἑναπειλημμένου
1088 977 1136 1061 τῷ
1158 973 1278 1058 χαλκῷ.

262 1074 442 1150 Quaeritur
464 1097 547 1139 num
572 1097 605 1169 ra
633 1097 712 1140 vera
735 1075 817 1141 haee
836 1080 1033 1161 συμβολικῶς
1061 1085 1214 1167 εἰρημένα
1238 1077 1324 1140 iuter

153 1187 327 1248 aeusmata
338 1181 567 1247 enumeranda
583 1183 665 1262 sint;
683 1183 754 1268 ipse
768 1183 905 1268 quidem
918 1184 1134 1270 Porphyrius,
1152 1184 1210 1268 qui
1224 1183 1323 1268 paulo

153 1295 230 1375 pust
245 1289 268 1374 ξ
283 1289 326 1352 42
342 1295 553 1354 acusmatum
570 1296 656 1355 certe
672 1291 897 1376 genuinorum
914 1291 1032 1356 seriem
1051 1290 1161 1356 verbis
1177 1290 1321 1354 inducit:

154 1394 236 1464 ἄλλο
273 1398 358 1476 κίδος
389 1405 456 1466 τοῖν
491 1397 670 1480 συμβόλων,
699 1399 781 1463 haee
817 1419 951 1484 quoque
987 1398 1074 1463 dieta
1103 1398 1324 1484 Pythagorica

154 1504 336 1570 acusmatis
359 1502 542 1590 (symbolis)
566 1504 809 1571 adnumeravit.
1296 1582 1299 1590 ,

261 1611 1323 1698 Mwmffifflwfflfflnmmmafflmmrbdb

153 1722 279 1805 χαλκοῦ
313 1731 507 1809 κρουομένου
541 1722 626 1788 κτλ·
664 1720 853 1806 superstitio
883 1721 974 1784 enirn
1005 1727 1054 1784 est
1078 1727 1110 1784 et
1134 1719 1268 1784 Graecis
1293 1726 1325 1783 et

153 1826 228 1891 aliis
263 1825 456 1891 nationibus
483 1834 571 1904 nota,
607 1827 765 1892 occultari
789 1833 835 1915 τῷ
858 1832 969 1918 χαλκιζ
993 1830 1163 1914 δαίμονας,
1200 1827 1239 1890 ef.
1265 1827 1323 1889 Le-

153 1932 248 2009 beek,
262 1933 482 2018 Aglaopham.
501 1956 532 2019 p.
549 1934 688 2013 89bl96;
714 1935 829 2012 Zeller,
854 1935 878 2013 Ι,
908 1933 956 2013 15,
974 1936 1049 2012 456,
1067 1936 1103 2012 2;
1125 1935 1196 1998 191.
1233 1933 1322 1997 Nurn

153 2040 239 2105 aliae
276 2062 411 2126 quoque
450 2041 633 2106 sententiae
672 2063 706 2106 re
742 2064 821 2108 vera
855 2042 1035 2106 aausnratis
1070 2040 1325 2106 adnumeranda

153 2149 231 2226 sint,
256 2147 353 2214 valde
377 2147 502 2227 dubito,
528 2148 569 2213 de
593 2149 802 2214 Aristoteliea
825 2171 904 2215 vero
928 2149 1028 2213 huius
1061 2148 1238 2233 fragmenti
1264 2148 1323 2212 ori-

151 2256 232 2340 gine
263 2255 409 2320 dubitari
439 2256 566 2341 nequit.
620 2257 697 2340 Egit
733 2255 774 2321 de
809 2255 973 2321 eiusmodi
1010 2258 1211 2342 συμβολικῶς
1246 2263 1323 2345 εἰρη-

152 2373 266 2450 μένοις
289 2361 432 2441 Labeek,
456 2361 620 2448 Aglaoph.
646 2385 676 2448 p.
704 2364 777 2429 886.

721 2490 742 2554 3

259 2595 366 2660 Laert.
392 2596 487 2681 Diog.
513 2595 614 2672 enee
639 2543 793 2662 CObet·-
817 2597 873 2661 Ar.
899 2598 986 2682 psb
1010 2594 1103 2680 (195)
1121 2633 1160 2642 -
1178 2597 1323 2682 φησῑνῦ

148 2697 367 2793 Ἀριστοτέλης
381 2716 455 2793 περὶ
468 2711 535 2771 τοῖν
547 2703 681 2791 κυάμων
694 2708 935 2793 παραγγέλλειν
947 2704 1051 2772 αὐτόν
1131 2705 1323 2783 οἷπίχισθαι

148 2819 219 2878 τῶν
242 2813 378 2897 κυάμων
486 2808 554 2897 ἤτοι
579 2808 629 2877 ῦτι
653 2815 791 2891 αἰδοίοις
804 2810 829 2896 3)
860 2820 941 2879 εἰσὶν
965 2808 1115 2898 ῦμοιοιῆ
1144 2809 1325 2876 ῦυίἭιῦου

148 2918 311 3002 nvidand)
338 2916 526 3002 ὀἷγόνατον
540 2917 567 2996 ⁵)
590 2919 653 3006 γάρ
677 2918 779 3006 μόνον
797 2943 802 2954 ·
821 2919 843 3008 ἢ
866 2919 922 2986 ότιἸ
940 2927 1069 3009 φθείρει
1095 2919 1113 3004 ἢ
1139 2914 1189 2985 ὅτι
1212 2922 1252 3012 τῇ
1268 2917 1325 2984 τοῦ

150 3023 228 3094 ῦλου
252 3024 345 3112 φύσει
370 3023 477 3111 ῦμοιος
491 3025 514 3113 ἢ
537 3026 587 3094 ότι
607 3029 816 3116 ὀλιγαρχικόν
834 3050 840 3061 ’
857 3031 1052 3113 κληροῦνται
1068 3026 1145 3107 γοῦν
1162 3023 1324 3106 artaret)

260 3203 280 3271 ⁸)
300 3203 334 3260 ef.
353 3203 464 3258 Diodor.
476 3205 540 3259 bibl.
560 3205 623 3261 hist.
640 3209 663 3274 1,
678 3209 720 3274 88,
735 3211 749 3258 2
763 3205 858 3262 Dindf.
880 3203 999 3257 καθόλου
1019 3205 1047 3257 δὲ
1067 3203 1096 3256 τό
1117 3204 1257 3256 αι’ῦοῖον
1276 3198 1325 3252 οῦκ

149 3298 317 3365 Αἰγυπτίους
340 3291 435 3364 μόνον,
467 3292 535 3346 ἄλλα
569 3297 613 3347 καλ
646 3300 701 3347 τῶν
732 3293 822 3346 ἄλλων
848 3293 896 3347 οῦκ
922 3293 1028 3364 ὀλίγους
1060 3297 1325 3362 καθιερωκέναί

150 3381 244 3436 κατά
272 3383 333 3442 τάς
360 3382 517 3449 τελετάς,
547 3382 582 3443 ὦς
610 3389 696 3436 αἴτιον
723 3391 769 3448 τῆς
794 3391 847 3436 τῶν
872 3383 948 3456 ζῴων
973 3390 1098 3454 γενέσεως
1117 3385 1169 3435 κτλ.
1201 3382 1234 3436 cf.
1255 3386 1280 3449 4,
1300 3387 1324 3436 6.

150 3474 287 3542 Theophr.
314 3473 376 3528 hist.
396 3475 481 3542 plant.
498 3478 522 3539 8,
543 3479 571 3527 21
595 3475 679 3531 Wim.
699 3475 738 3526 ἐπ’
758 3475 838 3526 ἐνίων
857 3475 886 3526 δὲ
904 3477 948 3526 καὶ
966 3475 1109 3534 attonsae
1128 3480 1261 3541 μαίνεται,
1280 3489 1324 3520 κα-

151 3562 243 3635 θάπερ
272 3564 314 3616 ἐπὶ
340 3569 394 3616 τοῖν
421 3564 571 3632 ἐρεβίνθων
604 3566 647 3615 καὶ
672 3562 790 3637 μάλιστα
820 3571 873 3615 τῶν
905 3570 1025 3635 θιρμων,
1055 3564 1088 3619 ef.
1117 3562 1232 3616 Ariston
1260 3560 1324 3613 hist·

151 3654 234 3708 euim.
257 3658 284 3722 5,
303 3658 327 3709 6.
366 3653 558 3708 Commentarii
578 3653 607 3708 in
625 3653 717 3708 Laert.
737 3653 818 3722 Diog.
840 3655 880 3710 ed.
900 3654 1016 3708 Hiibner
1034 3654 1059 3722 I,
1080 3657 1144 3714 121;
1164 3650 1204 3719 II,
1225 3654 1284 3703 324.

261 3741 283 3810 ⁴)
303 3742 368 3810 quid
386 3742 457 3796 fabis
476 3759 613 3797 commuue
631 3743 668 3796 sit
687 3759 746 3796 curn
766 3740 833 3812 βίον
852 3741 949 3802 κίλαις
967 3743 1064 3797 neseio.

263 3831 285 3900 ⁶)
305 3832 379 3889 Com.
399 3833 428 3888 in
447 3831 479 3888 Ιι.
497 3832 532 3886 D.
553 3834 594 3890 ed,
606 3827 721 3888 Hiiiiner
739 3833 764 3901 I,
781 3838 837 3886 121.
866 3834 996 3900 Porphyr.
1016 3834 1049 3886 de
1068 3837 1138 3886 eutr.
1157 3830 1275 3898 Nymph.
1292 3833 1323 3881 19

152 3942 178 3993 p.
194 3928 237 3992 70,
250 3927 266 3976 8
281 3919 336 3979 ed.¹
351 3923 385 3976 N.
412 3922 588 3989 Theophrast.
600 3922 663 3976 hist.
682 3923 767 3989 plaut.
782 3922 833 3991 IV,
849 3926 873 3992 8,
889 3927 912 3979 7.
931 3922 1014 3976 Wim.
1034 3920 1048 3974 ὁ
1068 3922 1097 3973 δὲ
1115 3919 1219 3991 κύαμος
1233 3961 1237 3971 .
1255 3961 1260 3972 .
1276 3961 1281 3972 .
1297 3947 1323 3975 .·

153 4013 248 4086 ῦμοιος
267 4011 297 4064 δὲ
314 4009 428 4082 καλάμῳ
447 4013 561 4082 μαλακρί
579 4009 714 4083 α’γονάαρ,

262 4100 285 4168 ⁶)
303 4100 422 4170 Menage
441 4101 475 4154 ad
485 4101 517 4156 L.
537 4100 573 4157 D.
592 4101 633 4168 H,
652 4106 703 4154 324
724 4117 762 4168 sq.
775 4103 815 4155 ed.
828 4101 936 4165 Hubn.;
956 4100 1072 4157 Aristot.
1091 4101 1117 4156 h.
1137 4100 1218 4155 anim.
1237 4097 1323 4166 VIII,

155 4196 179 4262 7,
199 4195 232 4246 64
253 4190 336 4247 Wim.
356 4193 381 4242 οἱ
400 4191 428 4241 δὲ
446 4187 506 4257 βόες
526 4232 532 4243 .
553 4229 603 4246 ..,
623 4197 775 4242 νιιαίνονται
794 4193 824 4242 (λε’
842 4195 897 4249 τοῖς
915 4210 939 4242 τε
960 4193 1122 4258 ιγυσητικοῒς,
1143 4183 1200 4240 οἷον
1218 4185 1325 4257 όρόβοις

155 4284 199 4333 καὶ
218 4277 334 4351 κυάμοις
352 4281 624 4350 ι’ρηριχμίνοιςκτλ.;
649 4279 705 4348 ΙΙΙ,
729 4285 772 4348 21,
796 4283 844 4333 107
875 4285 944 4332 ποιεῖ
962 4281 990 4330 θλ
1010 4277 1082 4349 γάλα
1101 4281 1147 4330 καί
1165 4283 1219 4330 των
1239 4295 1323 4345 ιμυσω·

155 4373 213 4422 θῶν
232 4372 290 4422 ἔνια
310 4367 523 4440 προσφερόμενα,
548 4363 606 4420 οἷον
624 4371 668 4420 καὶ
687 4368 800 4440 κυάμων
818 4371 921 4433 πλῆθος
939 4370 1000 4435 κτλ,
1027 4373 1099 4420 ποιοῖ
1122 4367 1176 4437 γάρ
1196 4371 1325 4418 καθιέναι

155 4458 182 4513 τὸ
211 4455 309 4527 οὖθαρ,
363 4458 436 4512 Vera
464 4459 544 4512 huius
571 4460 718 4514 aeusmatis
745 4459 821 4528 origo
849 4459 911 4513 inde
940 4465 980 4512 est
1009 4459 1165 4525 repetenda,
1193 4457 1262 4524 quod
1290 4456 1323 4508 ad

156 4565 252 4604 coenas
271 4548 397 4602 funebres
416 4547 614 4603 adhibebantur
632 4548 719 4602 fabae.
757 4549 791 4605 cf.
814 4549 927 4617 Lobeck,
956 4547 1020 4616 Agl.
1041 4553 1100 4603 252.
1121 4553 1186 4611 254;
1208 4547 1240 4603 Ο,
1260 4545 1323 4599 Cru-

157 4639 222 4708 sius,
240 4637 281 4693 M.
301 4637 389 4693 Rheu.
408 4641 451 4707 39,
472 4636 586 4704 lustum
607 4638 641 4692 V.
660 4637 752 4708 Hehn,
772 4637 993 4706 Culturpflanzen
1013 4643 1063 4694 ete.
1082 4641 1134 4691 469
1154 4653 1211 4705 sqq.
