3488 5584
631 467 829 532 ...3-

143 665 180 724 et
203 664 336 724 sextum
354 681 383 725 a.
401 659 461 725 Oh.
478 680 512 724 n.
537 661 694 741 saeclum,
711 661 797 728 sicut
812 660 1049 747 Pherecydem,
1066 661 1313 747 Epimenidem,

141 765 238 832 alios.
254 765 293 855 ¹²)

255 874 435 952 Quaeritur
461 895 562 955 nunc,
586 895 699 940 nonne
722 874 804 940 haec
827 874 947 941 notitia
969 875 1049 940 satis
1073 875 1168 940 exilis
1191 875 1238 941 eis
1260 897 1315 941 au-

142 981 355 1067 geri-possit,
379 1003 466 1068 quae
489 982 687 1069 posteriores
719 988 870 1047 auctores
892 981 935 1047 de
957 981 1148 1072 Pythagora
1176 982 1314 1069 eiusque

145 1087 302 1155 doctrina
336 1090 491 1174 referant.
549 1089 594 1154 Et
616 1089 696 1154 satis
719 1089 823 1154 miror
854 1109 975 1175 parum
999 1089 1183 1175 respexisse
1205 1088 1316 1155 adhuc

142 1195 236 1262 viros
260 1195 373 1262 doctos
396 1195 649 1262 memorabilem
671 1195 851 1261 Jambliohi
881 1196 993 1262 locum
1016 1196 1073 1263 vit.
1098 1195 1195 1284 Pyth.
1227 1195 1249 1283 ξ
1272 1197 1313 1262 83

143 1323 231 1389 sqq,
257 1324 360 1389 quem
389 1325 450 1390 per
472 1303 715 1369 Nicomachum
747 1303 854 1368 redire
887 1302 930 1367 ad
953 1302 1166 1368 Aristotelem
1194 1309 1316 1389 putant

144 1409 221 1475 Val.
238 1409 338 1490 Rosa,
361 1409 419 1476 Ar.
444 1433 493 1497 ps.
519 1411 583 1476 202
607 1416 640 1475 et
659 1410 697 1475 Ε.
716 1408 843 1488 Rohde,
869 1409 955 1475 Mus.
972 1409 1037 1475 Rh.
1053 1409 1188 1476 XXVII
1211 1433 1243 1497 p.
1260 1411 1313 1490 33,

143 1515 206 1582 ubi
228 1517 341 1603 agitur
363 1517 404 1583 de
428 1516 596 1596 derebus,
621 1537 706 1603 quas
722 1516 917 1582 acusmatici
932 1516 1141 1601 Pythagorae
1158 1517 1314 1602 discipuli

144 1623 334 1710 didicerint,
350 1645 550 1710 summaque
574 1607 688 1690 earum
711 1624 900 1690 continetur
921 1622 1033 1691 verbis
1055 1623 1127 1689 his:
1151 1623 1231 1711 §83
1248 1625 1315 1692 ἔστι

144 1733 175 1799 d'
191 1729 278 1822 adep
290 1735 311 1820 ἡ
323 1733 407 1820 αὐτοὶ
420 1739 461 1833 τῇ
472 1739 539 1800 τοῖν
554 1732 639 1800 ἔπτά
658 1729 860 1819 σοφοστῶνη)
877 1733 1031 1830 λεγομένῃ
1049 1743 1144 1824 σοφίᾳ
1160 1752 1166 1766 ’
1181 1743 1237 1798 καὶ
1250 1733 1313 1823 γάρ

144 1842 267 1908 ἐκεῖνον
290 1837 435 1924 ἐζήτουν,
465 1839 503 1908 οὐ
525 1852 561 1906 τί
584 1840 651 1907 ἐστι
674 1840 840 1924 τάγαθόν,
871 1837 957 1905 dala
982 1851 1017 1906 τί
1035 1839 1178 1925 μάλιστα
1204 1860 1210 1874 ·
1236 1838 1313 1908 odda

144 1960 182 2015 τί
200 1947 237 2015 τά
254 1944 411 2033 χαλεπόν,
438 1939 523 2014 dato
549 1959 584 2014 τί
602 1943 892 2032 τό.χαλεπάτατον
909 1967 915 1980 ·
934 1942 986 2013 ’σ’τι
1010 1947 1046 2013 τά
1064 1944 1167 2015 αὐτὸν
1189 1949 1319 2030 ννῶναί

144 2056 237 2123 ἐστιν
262 2076 268 2090 ·
294 2053 369 2123 οὐδὲ
396 2067 432 2121 τί
463 2049 500 2120 τά
532 2054 657 2146 ῥᾴδιον,
691 2053 777 2120 atta
810 2064 847 2120 τί
866 2051 902 2120 τά
928 2057 1048 2145 ῥᾷστον
1073 2073 1079 2086 ·
1105 2049 1157 2120 ὅτι
1179 2054 1216 2120 τὸ
1240 2053 1315 2120 ἔθει

145 2165 301 2250 χρῆσθαι.
349 2167 390 2261 τῇ
417 2160 553 2259 τοιαύτῃ
586 2158 649 2252 γάρ
679 2172 777 2252 σοφία
807 2162 1124 2248 μετηκολουθηκέναι
1156 2159 1240 2228 ἔοικε
1270 2156 1313 2227 τά

144 2272 287 2336 τοιαῦτα
312 2265 508 2354 ἀκούσματα
526 2290 532 2302 ·
550 2268 702 2354 πρότεροι
724 2265 788 2356 γάρ
811 2261 900 2336 οὗτοι
927 2268 1129 2359 Πυθαγόρου
1164 2268 1312 2349 ἐγένοντο

146 2425 179 2439 ..
201 2374 305 2460 ¹§85
328 2374 385 2439 fin.
410 2371 451 2441 τά
469 2382 529 2460 μὲν
552 2367 615 2444 σάν
637 2378 774 2443 τοιαῦτα
798 2378 865 2442 τοῖν
888 2373 1102 2458 ἀκουσμάτων
1124 2375 1201 2453 ἔστί,
1218 2374 1260 2439 τά
1279 2376 1315 2441 δὲ

145 2483 261 2550 πλείου
294 2479 345 2566 [el.
376 2479 495 2545 Rohde
525 2501 577 2566 ap.
609 2479 737 2559 Nauck,
769 2481 907 2566 praelat.
941 2479 985 2545 ad
1016 2479 1138 2546 Jambl.
1171 2479 1247 2546 edit.
1279 2502 1313 2566 p.

146 2587 295 2655 LXVIII
318 2587 415 2672 infra]
453 2589 583 2676 ἔχοντα]
605 2595 706 2675 μῆκος
730 2601 809 2676 περί
828 2615 863 2655 τε
894 2596 1017 2668 θυσίας
1048 2591 1130 2655 καθ’
1162 2590 1315 2670 ἑκάστους

143 2693 220 2776 τους
244 2697 374 2786 καιροὺς
406 2701 477 2772 πῶς
500 2696 559 2784 χρῆ
591 2703 774 2774 ποιεῖσθαι,
809 2693 869 2774 τάς
892 2723 927 2762 τε
957 2691 1060 2771 ἄλλας
1094 2694 1196 2783 (θεῶν
1220 2705 1314 2786 θρησ-

144 2801 246 2890 κείας)
260 2801 297 2886 14)
331 2813 388 2869 καὶ
417 2814 493 2890 περὶ
515 2804 727 2891 μετοικήσεας
741 2800 782 2890 ¹⁵)
816 2810 874 2890 τῆς
896 2803 1055 2872 ἐντεῦθεν
1077 2815 1134 2871 καὶ
1158 2815 1232 2896 περὶ
1254 2805 1314 2880 τάς

144 2908 255 2998 ταφάς
278 2917 349 2990 πῶς
372 2911 424 2977 δεῖ
445 2911 742 2977 καταθάπτεσθαι.
1124 2902 1128 2912 ’

252 3049 284 3122 ¹¹)
301 3051 346 3106 De
364 3057 423 3106 tots
440 3065 470 3106 re
488 3051 523 3106 cf.
541 3056 649 3119 praeter
667 3051 763 3109 Zeller.
800 3053 818 3108 l.
837 3051 855 3106 L
875 3050 1007 3120 imprimis
1026 3051 1059 3111 E.
1080 3051 1186 3122 Rohde,
1203 3053 1245 3111 M.
1258 3053 1312 3108 Rh.

143 3141 245 3197 XXVI
263 3133 295 3209 'p
322 3145 374 3196 554
397 3157 455 3209 sqq.
484 3147 512 3196 et
537 3140 571 3196 G.
599 3140 692 3211 Grata,
718 3140 782 3198 hist.
807 3141 836 3195 oi
863 3140 965 3196 Graece
989 3140 1042 3211 Iv,
1067 3142 1118 3196 407
1152 3143 1314 3212 (germanice

144 3230 240 3286 Berlin
261 3233 343 3284 1881:
362 3229 402 3300 11,
422 3235 473 3285 ola
492 3231 563 3299 sqq.)
604 3229 718 3301 [Rohde
736 3229 842 3298 Psyche
861 3229 979 3298 attolat]

252 3319 284 3388 ¹⁸)
304 3320 340 3378 ef.
367 3318 448 3389 Roas,
474 3318 523 3376 Ar.
549 3336 588 3387 ps.
614 3319 666 3390 frg.
693 3323 718 3377 8.
746 3337 772 3388 p.
792 3322 834 3374 st.
864 3325 893 3374 et
914 3335 937 3377 e.
962 3335 1004 3388 gr.
1028 3317 1158 3376 Herodot.
1184 3320 1237 3390 1v‚
1264 3326 1312 3381 95.

140 3407 277 3477 Ἑλλήνων
294 3407 326 3462 σά
345 3415 384 3481 τῷ
401 3406 583 3481 daromae
601 3415 721 3481 sapsas.
747 3409 781 3468 oi.
795 3409 935 3467 Plutarch.
956 3409 1016 3464 VII
1035 3425 1091 3478 sap.
1105 3409 1210 3469 eonviv.
1224 3415 1240 3464 2
1256 3390 1314 3480 sqq:

252 3497 284 3569 ¹⁴)
303 3499 450 3568 Lacunam,
470 3514 549 3566 quam
567 3505 628 3567 post
646 3499 729 3553 verba
748 3497 796 3558 τάς
813 3517 838 3552 τε
857 3496 941 3559 ἄλλας
966 3498 1042 3554 hlare
1068 3505 1140 3554 recte
1159 3499 1315 3556 observavit

144 3588 285 3646 Nauokius
303 3589 338 3642 ad
350 3590 377 3647 h.
390 3589 418 3658 l.,
437 3589 596 3655 explendam
609 3603 668 3645 essa
682 3594 748 3656 puto
762 3587 852 3643 verbis
871 3593 945 3649 θεῶν
963 3593 1123 3658 θρησκείας
1143 3589 1315 3645 celebrantur

144 3677 215 3733 anim
235 3677 279 3732 dei
297 3694 351 3732 non
374 3679 460 3734 solum
478 3675 626 3747 sacrifieiis,
654 3678 701 3731 sed
729 3677 811 3732 etiam
836 3677 898 3731 aliis
917 3677 1011 3732 multis
1029 3677 1120 3748 rebus,
1146 3693 1214 3746 quaa
1233 3679 1314 3736 eonti-

143 3774 243 3823 nentur
267 3766 357 3822 verbis
376 3771 451 3819 θεῶν
468 3771 614 3838 θρησκείας
642 3765 676 3822 ai.
696 3765 797 3824 Jambl.
816 3784 842 3822 v.
861 3767 893 3821 P.
912 3782 938 3835 p.
958 3771 1001 3836 24,
1023 3772 1074 3837 113
1106 3751 1167 3838 100,
1185 3773 1216 3840 63
1237 3770 1278 3839 1⁷,
1297 3773 1313 3824 8

143 3859 183 3912 ed.
203 3857 309 3913 Nauck.
350 3855 424 3912 Satis
452 3855 550 3909 mirum
577 3862 626 3923 est,
654 3857 724 3923 quod
750 3857 809 3928 περὶ
826 3855 989 3924 praepositio
1014 3861 1057 3910 ter
1081 3872 1141 3912 cum
1159 3857 1313 3913 accusativo

142 3947 323 4014 coniungatur
349 3945 418 4016 (περῖ
442 3950 547 4010 θυσίας,
575 3943 623 4004 τάς
645 3941 727 4006 ἄλλας
755 3946 841 4013 [θεαῖν
859 3947 1024 4017 θρησκείας],
1051 3947 1111 4016 περὶ
1134 3943 1179 4007 τάς
1207 3943 1306 4024 σαψ)

142 4037 225 4092 semel
243 4051 304 4090 cum
322 4035 444 4104 genitivo
470 4035 541 4105 (περὶ
558 4031 758 4106 μετοικῆσεως);
792 4035 821 4090 id
849 4035 921 4102 quod
946 4034 1137 4104 explicaverim
1166 4051 1199 4090 ex
1224 4017 1313 4106 negles

141 4125 237 4195 gentis
255 4125 370 4192 quadam
389 4123 535 4193 scriptoris,
564 4122 611 4191 qui
629 4139 681 4192 pro
695 4124 827 4194 genitivo,
854 4140 933 4192 quem
951 4124 1064 4191 praebat
1083 4125 1188 4180 usitata
1206 4124 1314 4180 dicendi

141 4213 212 4270 ratio
230 4215 289 4284 περὶ
308 4218 363 4265 τῶν
381 4217 487 4264 θυσιῶν
509 4218 568 4272 τοῖς
590 4210 642 4284 χροὶ
663 4217 801 4266 ποιεῖσθαι
819 4213 876 4272 soil.
895 4211 944 4273 τοὶς
961 4219 1067 4279 θυσίας,
1093 4215 1157 4284 κτλ,
1177 4230 1245 4282 quae
1271 4216 1312 4269 de-

141 4303 264 4358 ducenda
289 4308 332 4359 est
359 4295 393 4357 ax'
419 4301 513 4356 fiotiva
536 4307 565 4356 et
587 4301 727 4369 primitiva
754 4301 840 4357 torma
866 4304 926 4374 περὶ
954 4308 1012 4362 τοῖς
1033 4300 1087 4375 χρὴ
1107 4307 1242 4357 ποιεῖσθαι
1266 4302 1314 4365 τάς

141 4399 249 4460 θυσίας,
269 4392 333 4464 κτλ,
361 4391 553 4461 accusativum,
579 4390 626 4458 qui
645 4407 661 4445 a
680 4391 761 4446 verbo
780 4393 887 4463 pendet,
911 4391 1117 4460 praepositionis
1142 4391 1169 4447 ri
1189 4394 1314 4462 neglecta

141 4499 192 4538 non
213 4487 348 4537 nautum
366 4482 401 4535 ad
420 4481 479 4552 περὶ
497 4480 641 4536 addiderit.

248 4569 280 4642 ¹⁸)
298 4571 343 4625 Da
374 4585 440 4626 voca
468 4573 615 4636 αοτσίκησις
642 4567 658 4637 ἢ
687 4569 812 4625 ἐντεῦθεν
848 4571 883 4628 cl.
911 4571 983 4628 Plat.
1012 4571 1096 4640 Apol.
1135 4571 1209 4627 Scor.
1229 4575 1263 4628 40
1282 4571 1312 4630 Ο.

139 4662 244 4720 Phaad.
265 4663 315 4717 117
335 4660 368 4721 O.
404 4660 451 4732 [cf.
469 4660 576 4733 Rohde,
593 4660 699 4730 Psyche
718 4664 779 4733 428,
799 4661 835 4731 lt]
1123 4730 1153 4794 Ι.
