3488 5584
944 458 1165 523 ...64-

576 654 644 718 Νεο
675 653 843 718 Plutarchi
877 673 986 738 neque
1014 654 1194 719 Clementis
1229 653 1318 718 locos
1352 652 1499 737 integros
1526 651 1618 732 attoli,

470 761 528 826 sed
552 783 591 826 ea
615 768 756 838 tantum,
781 760 905 846 quibus
929 767 961 826 et
990 783 1182 840 consensus
1212 760 1270 846 qui
1301 766 1352 825 est
1382 760 1471 824 inter
1493 759 1571 824 Plut.
1594 766 1620 823 et
1701 752 1705 835 l

470 869 584 946 Clam,
606 875 638 932 et
662 867 814 954 symbola
830 867 1019 960 explicandi
1035 869 1129 946 ratio,
1146 889 1249 953 quam
1266 868 1410 953 quisque
1427 872 1477 931 est
1493 872 1619 945 secutua

470 975 682 1060 conspicitur.

577 1137 629 1200 Ex
664 1135 787 1220 quibus
821 1142 960 1221 apparet
990 1135 1197 1200 Clementem
1232 1135 1430 1220 compilasse
1467 1134 1620 1199 Plutarchi
1704 1221 1705 1226 ἵ

471 1243 732 1328 disputationem
756 1250 788 1307 et
811 1263 918 1327 pauca
944 1241 1110 1307 addidisse
1135 1264 1176 1306 ex
1207 1241 1299 1306 libris
1331 1242 1432 1306 sacris
1464 1241 1620 1327 postisque
1701 1246 1705 1322 ij

472 1351 617 1414 Graecis.
666 1348 797 1425 Quibus
820 1370 899 1415 vero
924 1349 1072 1414 lontibus
1096 1371 1181 1436 usus
1208 1349 1250 1414 sit
1272 1349 1472 1414 Plutarchus
1496 1347 1620 1412 dubium
1700 1348 1705 1391 ἵ

473 1463 530 1521 est.
580 1457 678 1521 Falsa
702 1463 788 1520 certe
813 1463 862 1520 est
885 1456 922 1520 Ε.
948 1456 1071 1520 Maassi
1095 1456 1135 1521 de
1152 1456 1345 1542 biographis
1362 1456 1491 1540 graecis
1514 1477 1543 1540 p.
1560 1453 1620 1541 94¹³)

472 1564 662 1628 coniectura
686 1562 866 1627 Clementis
901 1563 941 1627 de
974 1563 1133 1648 symbolis
1166 1561 1427 1648 disputationem
1462 1562 1620 1648 provenire

393 1739 397 1748 ,
475 1669 592 1734 eodem
617 1693 658 1734 ex
681 1671 783 1748 tonte,
809 1669 897 1734 unde
922 1669 1080 1734 fluxerint
1103 1671 1139 1734 L.
1165 1671 1205 1734 D.
1230 1669 1366 1749 vrum
1392 1691 1441 1755 sq.
1467 1669 1619 1754 etPorph.

473 1800 503 1843 v.
529 1777 563 1840 P.
589 1778 643 1854 42,
677 1798 718 1841 ex
742 1776 900 1842 Favorini
924 1777 991 1841 scil.
1017 1777 1198 1861 omnigena
1220 1777 1367 1854 historia,
1401 1797 1482 1841 nam
1515 1798 1553 1842 ex
1573 1775 1621 1838 Fa-

472 1884 590 1950 vorino
638 1883 789 1948 hausisse
824 1883 1042 1948 Plutarchum
1076 1905 1212 1969 prorsus
1248 1889 1297 1948 est
1330 1883 1533 1949 incredibile.
1580 1883 1621 1946 Ex

473 1992 554 2076 ipsis
578 2013 657 2057 vero
681 1991 851 2055 Plutarchi
873 1991 984 2057 verbis
1013 1989 1167 2056 videmus
1198 1991 1394 2076 opposuisse
1418 1990 1621 2056 Plutarchum

474 2120 569 2163 suam
594 2096 824 2186 symbolorum
848 2097 1078 2163 tractationem
1108 2097 1239 2183 vulgari
1268 2097 1422 2183 symbola
1450 2095 1621 2184 explicandi
1705 2183 1706 2190 ἵ

473 2206 613 2272 rationi:
637 2203 782 2291 μάλιστα
807 2205 842 2272 τό
867 2213 932 2273 τῶν
955 2204 1131 2289 χελιδόνων
1155 2208 1198 2291 (h.
1223 2227 1250 2269 e.
1276 2207 1449 2292 χελιδόνας
1483 2213 1565 2297 οἰκίᾳ
1585 2205 1621 2290 μή

475 2311 643 2399 δέχεσθαι)
670 2314 815 2387 ducatur
849 2313 935 2396 ἔχειν
969 2310 1074 2379 ἐδόκει
1108 2316 1267 2380 κτλ.’κοιῐ
1301 2314 1365 2401 reip
1389 2306 1416 2402 ql
1437 2314 1528 2404 μόνῳ
1551 2317 1623 2389 τινὲς

474 2425 541 2486 τῶν
563 2422 721 2486 παλαιῶν
739 2415 838 2508 ᾤοντο
857 2417 946 2487 λύειν
964 2418 1000 2485 τὸ
1019 2417 1181 2504 σύμβολον
1204 2423 1246 2499 οἷς
1270 2416 1351 2508 προς
1374 2419 1448 2499 τούς
1465 2421 1623 2499 διαβόλους
1707 2507 1708 2512 ¹

475 2539 530 2594 καὶ
555 2527 721 2620 ψιθυρούς
744 2531 811 2593 τοῖν
835 2524 991 2612 συνήθων
1018 2526 1198 2624 ᾐνιγμένον,
1229 2521 1299 2594 ουδ’
1330 2528 1430 2606 αὐτὸς
1455 2523 1473 2594 ὅ
1503 2527 1623 2597 Λεύκιος

476 2635 687 2718 ἐδοκίμαζεν
729 2632 827 2697 Hanc
851 2639 963 2697 autem
987 2632 1244 2717 explicationem
1277 2639 1410 2698 secutus
1441 2639 1491 2698 est
1513 2630 1622 2696 Andro·

477 2740 577 2825 cydes
601 2743 665 2824 (ap.
691 2739 812 2824 Porph.
838 2762 869 2805 v.
894 2725 930 2802 P.
956 2737 1010 2827 42)
1033 2742 1204 2825 χελιδόνας
1228 2741 1264 2806 ἐν
1287 2747 1374 2830 οἰκίᾳ
1402 2742 1446 2826 μή
1473 2743 1622 2826 δέχεσθαι·

476 2855 564 2914 τοῦτ’
598 2848 666 2914 ἔστι
685 2867 690 2880 ·
709 2849 829 2926 λάλους
863 2849 1063 2935 ἀνθρώπους
1099 2859 1154 2914 καὶ
1189 2859 1265 2933 περὶ
1299 2850 1450 2930 γλῶτταν
1485 2849 1623 2936 ἀκρατεῖς

477 2954 675 3042 ὁμωροφίους
697 2951 741 3041 μή
767 2961 940 3020 ποιεῖσθαι
955 2973 960 2985 ·
976 2974 1079 3038 quare
1093 2975 1133 3018 ex
1149 2951 1360 3039 Androcyda
1378 2953 1422 3018 ad
1446 2975 1547 3039 quem
1567 2949 1623 3016 red-

479 3066 561 3125 eunt
584 3061 619 3124 L.
645 3061 686 3125 D.
712 3059 858 3139 Vlnnr.
897 3061 936 3124 18
973 3067 1006 3124 et
1028 3060 1150 3146 Porph.
1185 3082 1217 3126 v.
1242 3061 1278 3125 P.
1303 3061 1357 3139 42,
1392 3082 1462 3125 non
1487 3066 1562 3126 sunt
1582 3057 1623 3121 de·

482 3173 656 3254 promptae
679 3167 850 3232 Plutarchi
874 3167 1066 3232 sententiae.
1609 3156 1619 3180 '

584 3275 701 3364 Neque
739 3273 864 3339 rectius
905 3273 1084 3338 conieceris
1123 3280 1276 3340 secutum
1314 3293 1385 3340 esse
1423 3273 1623 3342 Plutarchum

479 3381 661 3472 Alexandri
700 3379 928 3467 (Polyhistoris
967 3381 1006 3445 ci.
1047 3379 1283 3460 Prandenthab
1319 3381 1371 3446 Al.
1406 3381 1476 3446 Pol.
1511 3403 1542 3468 p.
1574 3379 1622 3453 20;

479 3482 585 3554 Zeller
619 3487 682 3566 Ι,15
705 3511 737 3572 p.
762 3488 858 3565 301,1
884 3494 916 3552 et
939 3488 974 3575 2)
1008 3486 1132 3553 librum
1168 3487 1208 3552 de
1243 3487 1402 3574 symbolis
1433 3488 1529 3574 Pyth.
1563 3506 1624 3551 con·

480 3596 650 3682 seriptum,
687 3615 789 3680 quern
823 3593 938 3659 laudat
971 3594 1125 3660 Clemens
1149 3593 1243 3659 Alex.
1283 3602 1396 3661 strom.
1423 3595 1494 3674 le
1517 3617 1548 3681 p.
1571 3590 1622 3656 357

479 3705 536 3768 fin.
552 3703 647 3780 roa,
673 3702 768 3766 cuius
791 3700 867 3765 libri
890 3701 983 3766 nulla
1005 3722 1112 3787 paene
1141 3708 1273 3768 exstant
1303 3703 1505 3788 fragmenta
1535 3701 1624 3766 immo
1709 3719 1710 3724 ¹

481 3832 522 3875 ex
546 3816 677 3874 nostrae
707 3829 842 3894 quoque
866 3808 1071 3893 quaestionis
1095 3807 1208 3875 vivido
1244 3829 1396 3875 sermone
1431 3807 1625 3895 simplicique
1709 3833 1710 3838 ¹

482 3916 638 4002 colloquii
661 3922 775 3981 tenore
799 3922 831 3979 et
854 3936 895 3979 ex
931 3915 987 3992 eis,
1021 3936 1107 4000 quaa
1143 3915 1184 3980 de
1219 3917 1372 3981 omnium
1406 3916 1626 4002 quaestionum

482 4023 706 4090 convivalium
730 4029 850 4087 natura
873 4029 905 4087 et
932 4021 1044 4087 indole
1079 4029 1241 4102 constant,
1277 4045 1345 4088 non
1380 4031 1430 4089 est
1462 4019 1626 4090 verisimile

481 4132 572 4195 tonte
596 4129 662 4195 ullo
686 4129 802 4194 litteris
826 4129 1012 4215 conscripto
1041 4128 1119 4194 data
1153 4151 1253 4215 opera
1287 4152 1388 4196 usum
1422 4152 1493 4197 esse
1516 4131 1625 4195 Plutar-

479 4238 593 4303 chum.
618 4236 650 4302 Is
667 4237 756 4302 enim
774 4243 844 4301 erat
859 4235 1028 4302 Plutarchi
1044 4258 1126 4316 moa,
1141 4237 1179 4300 in
1195 4237 1446 4324 quaestionibus
1463 4235 1627 4325 symposia·

589 4539 612 4608 ⁶)
631 4539 683 4595 Cui
710 4556 804 4608 perum
832 4538 978 4608 diligenter
1005 4539 1153 4596 assentitur
1180 4540 1215 4600 Α.
1242 4541 1371 4612 Scheeck,
1399 4543 1432 4598 de
1460 4541 1528 4600 font.
1554 4539 1624 4596 Glem.

405 4709 406 4714 ἵ
484 4630 563 4687 Alex.
582 4629 670 4700 [1889]
689 4647 715 4699 p.
734 4629 825 4694 calco.
