3488 5584
895 427 1115 496 -38-

426 625 491 693 alio
514 631 647 692 auctore
671 623 824 691 distincte
846 624 1029 704 nominato,
1054 624 1113 691 sed
1136 624 1182 692 ita
1205 629 1243 690 ut
1264 623 1319 690 hic
1344 628 1465 689 auctor
1487 623 1590 690 etiam

427 733 656 801 antecedentia
689 732 846 812 probasse
877 731 1014 811 dicatur,
1052 737 1090 798 ut
1112 753 1139 797 e.
1163 754 1210 818 gr.
1235 731 1271 797 L.
1297 731 1336 796 D.
1361 731 1454 810 VIII,
1481 732 1521 796 19
1549 771 1589 778 ...

427 843 488 927 frg.
522 840 543 904 4
575 863 607 926 p.
641 841 682 904 29
707 878 747 888 -·
775 891 781 904 .
808 892 813 903 .
841 891 846 903 .
879 841 1016 929 καρόίοῑς
1053 845 1080 905 τ’
1120 842 1309 926 ἀπέχεσθαι
1347 845 1403 906 καὶ
1441 836 1586 925 κυάμων·

426 951 640 1036 Ἀριστοτέλης
656 949 695 1016 δέ
708 969 783 1036 φησι
799 960 854 1016 καὶ
869 945 992 1037 μήτρας
1005 959 1062 1014 καὶ
1085 949 1211 1037 τρίγλης
1226 948 1338 1015 ἐνίοτε.
1381 945 1590 1012 Intercedere

427 1055 514 1120 inter
535 1054 625 1120 hunc
648 1054 759 1119 locum
782 1060 814 1119 et
836 1060 988 1120 nostrum
1012 1053 1264 1138 slmilItudinem
1294 1052 1466 1139 quandam
1488 1076 1589 1119 nemo

427 1161 578 1247 negabit;
604 1160 662 1226 sed
685 1182 762 1226 curn
777 1161 800 1248 ξ
818 1161 857 1226 19
873 1160 1039 1226 indicetur
1061 1160 1224 1246 particula
1239 1173 1294 1228 καὶ
1317 1160 1431 1226 addita
1445 1163 1590 1252 (Ἀριστο-

427 1272 518 1357 τέλης
541 1272 580 1336 δέ
600 1291 677 1356 φησι
699 1279 767 1337 καὶ
791 1271 874 1355 κτλ.)
898 1267 1126 1334 antecedentia
1149 1288 1285 1353 quoque
1306 1268 1492 1334 Aristotelis
1515 1290 1590 1334 auc·

428 1376 559 1441 tentate
595 1375 666 1454 niti,
702 1382 814 1442 nostro
837 1376 908 1441 loco
932 1375 1007 1440 talis
1034 1374 1196 1460 particula
1226 1375 1325 1461 plane
1355 1373 1456 1454 deest,
1485 1376 1590 1448 immo

426 1504 506 1550 vero
530 1482 677 1568 repetitis
707 1483 818 1548 verbis
843 1535 848 1546 .
876 1535 881 1547 .
941 1495 1014 1572 περὶ
1046 1489 1113 1551 τῶν
1142 1484 1277 1570 κυάμων
1300 1533 1306 1545 .
1333 1536 1340 1553 .
1366 1536 1372 1547 .
1398 1486 1590 1569 ἀπέχεσθαι

428 1598 495 1662 τῶν
512 1592 646 1672 κυάμων
661 1590 842 1656 clarissime
864 1589 1031 1656 indicatur
1047 1611 1173 1656 novum
1197 1589 1343 1675 incipere
1358 1591 1495 1668 fontem,
1511 1610 1591 1655 oum

428 1696 636 1764 antecedenti
658 1716 727 1762 non
750 1697 1022 1762 consentientem.

534 1803 632 1869 Falso
655 1803 758 1888 igitur
779 1804 861 1869 haec
893 1804 1066 1870 enuntiata
1088 1802 1257 1869 Aristoteli
1287 1803 1404 1870 tribuil
1425 1803 1466 1869 V.
1492 1803 1589 1870 Rose.

991 1999 1022 2066 b,
1114 2046 1117 2054 .

534 2126 575 2192 V.
587 2124 688 2190 Rosci
698 2124 923 2190 coniecturam
936 2163 979 2174 -
994 2125 1050 2191 Ar.
1064 2148 1112 2212 ps.
1126 2149 1157 2212 p.
1173 2126 1235 2192 201
1260 2125 1411 2212 (197)-
1428 2124 1590 2211 Porphyr.

427 2256 457 2300 v.
483 2233 517 2296 P.
543 2232 586 2296 42
620 2231 788 2298 Aristoteli
822 2231 1000 2298 tribuenda
1027 2254 1097 2298 esse
1131 2233 1288 2299 refutavit
1316 2233 1384 2298 iam
1408 2232 1446 2296 Ε.
1472 2231 1592 2296 Rohde

427 2340 448 2406 l.
476 2340 508 2418 l.‚
540 2360 650 2424 neque
685 2360 763 2405 vero
793 2339 902 2405 Roseo
937 2340 1100 2424 probavit,
1125 2341 1184 2426 qui
1219 2341 1254 2404 in
1289 2339 1473 2406 novissima
1507 2339 1592 2424 frag·

428 2453 618 2514 mentorum
641 2446 784 2511 editione
807 2445 984 2532 Porphyrii
1013 2446 1124 2512 locum
1147 2447 1233 2512 inter
1260 2448 1448 2532 fragmenta
1470 2446 1592 2512 Aristo-

428 2553 526 2618 telica
563 2554 755 2618 enumerat
804 2552 929 2618 Nititur
967 2553 1008 2619 V.
1046 2554 1133 2619 Rose
1170 2554 1241 2619 loco
1276 2541 1476 2640 Hieronymi
1513 2552 1589 2618 adv.

427 2660 537 2725 Rufin.
563 2660 613 2725 III
646 2682 678 2745 p.
703 2659 767 2724 469
799 2657 934 2745 (Migne,
970 2659 1063 2726 Ours.
1099 2661 1257 2746 patrolog.
1295 2682 1355 2726 ser.
1388 2660 1443 2726 lat.
1472 2659 1591 2725 XXIII

427 2790 458 2853 p.
484 2765 560 2854 486)
584 2805 625 2814 —-
649 2767 689 2846 ci.
716 2766 771 2831 Ar.
797 2788 845 2852 ps.
870 2789 903 2853 p.
921 2767 983 2833 201
1008 2766 1119 2848 (Arist.
1144 2769 1262 2853 fragm.
1287 2790 1319 2854 p.
1355 2765 1432 2854 160)
1457 2805 1508 2846 -‚
1531 2766 1591 2832 ubi

427 2874 666 2959 Hieronymus
692 2873 750 2959 qui
784 2873 990 2940 transscribit
1013 2873 1247 2961 Porphyrium,
1278 2873 1447 2939 Aristoteli
1475 2873 1592 2940 tribuit

415 2979 581 3066 symbola
603 3001 624 3044 a
646 2980 833 3066 Porphyrio
856 2981 879 3067 ξ
901 2981 943 3046 42
968 2988 1106 3048 servata.

537 3087 659 3172 Porph.
683 3109 714 3153 v.
740 3087 776 3152 P.
801 3086 860 3151 42:
1042 3117 1045 3124 ⁴
1100 3088 1328 3174 Hieronymus
1356 3088 1376 3152 l.
1401 3088 1437 3153 l.:
1470 3088 1588 3174 Pythe-

472 3195 579 3275 ἔλεγε
601 3194 645 3261 δέ
663 3220 751 3262 τινα
767 3206 831 3263 και
846 3218 979 3282 μοστι·
1033 3195 1145 3281 gorica
1168 3201 1200 3260 et
1223 3195 1280 3260 illa
1302 3201 1479 3281 praecepta
1501 3201 1586 3273 sunt,

427 3309 481 3392 κηῖ
516 3299 653 3392 τρόπῳ
684 3297 978 3386 συμβολικῶς,
1035 3303 1219 3368 amicorum
1253 3303 1367 3368 omnia
1398 3323 1469 3369 esse
1504 3324 1587 3368 eom-

427 3405 523 3495 dtr)
552 3410 622 3476 ἐπὶ
650 3412 779 3476 πλέον
807 3408 981 3498 Ἀριστο-
1036 3409 1152 3475 munia
1175 3416 1225 3474 etc
1228 3458 1399 3476 ......
1424 3409 1586 3495 illaque

427 3519 547 3602 τέλης
592 3517 865 3608 ἀνέγραψεν,
914 3517 982 3585 οἷον
1036 3517 1261 3602 aenigmata
1292 3538 1392 3602 quae
1422 3515 1585 3602 diligen-

428 3621 478 3704 ὅτι
501 3619 561 3709 τήν
583 3624 763 3690 θάλατταν
785 3630 846 3709 μὲν
870 3622 981 3691 ἐκάλει
1035 3625 1190 3690 tissime
1234 3622 1501 3690 Aristoteles
1546 3624 1586 3688 in

430 3730 552 3819 Κρόνου
585 3727 727 3819 δάκρυον
758 3733 814 3798 κτλ
818 3782 978 3796 ......
1035 3731 1130 3798 suis
1171 3731 1307 3796 libris
1350 3731 1585 3817 prosequi·

429 3887 436 3901 .
463 3889 468 3900 .
494 3833 534 3924 ἤν
558 3840 673 3905 δὲκαὶ
700 3833 781 3904 ἄλλο
804 3838 889 3918 εἶδος
917 3843 982 3907 τῶν
1036 3846 1119 3904 tur:
1149 3845 1353 3904 stateram
1377 3860 1426 3904 ne
1449 3845 1586 3905 trans-

429 3941 599 4029 συμβόλοιν
635 3951 782 4014 τοιοῦτον
813 3967 819 3980 ·
857 3946 984 4028 ζυγόν
1037 3947 1161 4012 silias
1185 3953 1243 4012 etc.

427 4052 480 4139 μη
505 4053 878 4140 ὕπερβαίνεινκτλ.
905 4105 911 4118 ,
939 4104 977 4118 ..

536 4156 646 4222 Vertit
667 4158 758 4223 haud
787 4158 887 4224 dubie
910 4160 1138 4246 Hieronymus
1168 4159 1294 4226 verbis:
1327 4161 1450 4247 illaque
1481 4162 1588 4247 aenig-

428 4270 519 4328 mata
542 4270 601 4330 etc.
626 4265 802 4352 Porphyrii
826 4267 850 4334 di
872 4268 911 4354 δη
936 4269 991 4334 ἐπὶ
1020 4271 1119 4336 πλέον
1142 4271 1355 4356 Ἀριστοτέλης
1384 4265 1586 4363 ἀνέγραψεν,

429 4371 487 4436 sed
510 4393 596 4456 quae
620 4371 710 4457 apud
726 4373 952 4459 Porphyrium
974 4389 1059 4439 recte
1082 4375 1285 4440 collocantur
1307 4376 1350 4440 ad
1374 4377 1478 4442 solam
1497 4377 1587 4464 §AL

429 4478 657 4564 Hieronymus
680 4486 739 4544 aut
761 4480 844 4545 falsa
867 4481 1058 4547 coniectura
1073 4488 1131 4546 aut
1154 4481 1432 4559 „transscribendi
1449 4484 1588 4550 ardore“

429 4584 472 4649 ad
497 4587 671 4671 sequentia
693 4586 802 4652 traxit.
827 4588 1001 4654 Praeterea
1014 4627 1052 4634 -·
1078 4590 1118 4654 ct.
1143 4588 1261 4654 Rohde
1284 4589 1304 4653 l.
1329 4589 1349 4653 l.
1371 4605 1413 4636 '—-
1441 4612 1480 4656 ea
1503 4613 1590 4679 sym·
