3488 5584
877 409 1095 476 ...46-

403 605 515 674 omnia
539 605 630 670 enim
655 604 807 690 symbola
830 605 1052 690 Pythagorica
1075 592 1272 690 Androcydi
1292 611 1371 670 sunt
1390 609 1570 691 praecepta

404 713 513 778 ethica
536 713 714 797 praecipue
730 711 772 775 ad
790 711 988 797 cupiditates
1006 718 1038 776 et
1053 711 1348 796 intemperantiam
1364 710 1570 777 cohibendas

403 819 603 906 spectantia3
629 819 675 883 sio
698 817 787 884 valet
812 820 909 902 ζυγόν
931 816 974 904 μβ
999 821 1223 909 ὑπερβαίνειν,
1250 818 1341 903 quod
1365 839 1399 884 re
1423 839 1502 884 vera
1518 825 1570 884 est

405 932 621 1012 praeceptum
634 925 911 1012 superstitiosum,
936 931 974 988 ut
997 927 1096 1016 σάρον
1111 927 1154 1012 μή
1173 928 1388 1015 ὑπερβαίνειν
1411 931 1470 994 etc.
1493 931 1569 1004 eto,

402 1035 438 1104 τὸ
464 1035 591 1099 δίκαιον
622 1034 666 1120 μή
691 1039 930 1120 παραβαίνειν
968 1031 1014 1097 sic
1038 1037 1104 1118 πῦρ
1127 1045 1277 1124 μαχαίρᾳ
1309 1030 1566 1118 μὴ’σκαλεύειν,

404 1137 495 1228 quod
519 1138 560 1203 ad
578 1138 933 1203 daemonum'cultum
949 1143 1084 1223 spectat,
1108 1138 1195 1202 inest
1218 1139 1308 1203 enim
1328 1139 1400 1223 igni
1423 1137 1569 1203 daemon

403 1245 534 1330 aliquia,
559 1267 661 1330 quem
676 1244 787 1329 gladio
803 1245 927 1311 violare
944 1245 1038 1309 nefas
1063 1251 1121 1322 est,
1152 1245 1337 1330 explicatur
1359 1248 1418 1313 οόν
1442 1247 1568 1331 θυμού-

401 1377 501 1439 μενον
523 1351 629 1436 λόγοις
650 1354 693 1440 μή
719 1354 880 1442 ἐρεθίζειν
904 1358 962 1416 etc.
987 1391 1031 1398 -
1054 1352 1095 1416 cf.
1120 1352 1208 1416 infra
1230 1353 1292 1437 frg.
1317 1353 1346 1417 5.
1372 1389 1416 1400 ·-·

511 1459 709 1544 Suppositus
733 1459 834 1543 igitur
858 1464 907 1523 est
929 1481 974 1522 m.
999 1481 1054 1544 qu.
1079 1480 1108 1524 o.
1145 1459 1253 1544 primo
1288 1460 1427 1525 fortasse
1451 1480 1479 1524 a.
1504 1459 1566 1523 Ch.

405 1587 436 1632 n.
464 1567 595 1631 saeculo
619 1564 811 1651 Androcydi
846 1565 985 1642 medico
1022 1565 1080 1650 qui
1104 1565 1286 1630 Alexandri
1311 1566 1425 1650 Magni
1460 1573 1569 1631 aetate

403 1671 496 1752 vixit,
533 1693 553 1737 a
587 1672 719 1738 falsario
754 1673 866 1758 aliquo
902 1672 986 1737 liber
1019 1685 1093 1759 περὶ
1120 1681 1360 1764 Πυθαγορικῶν
1395 1671 1570 1759 συμβόλων

403 1779 597 1866 inscriptus;
623 1779 677 1844 oui
700 1778 783 1843 libro
818 1785 856 1843 ut
885 1779 1046 1844 maiorem
1080 1779 1234 1844 indueret
1267 1779 1498 1844 auctoritatem
1534 1786 1568 1844 et

405 1887 515 1966 fidem,
539 1885 652 1972 ipsum
675 1884 911 1972 Androcydem
934 1887 1122 1952 nominavit
1143 1886 1297 1951 falsarius
1318 1886 1570 1972 Pythagoreum

407 1995 557 2075 (fortasse
591 2014 683 2058 mero
712 2013 829 2071 errore,
865 1999 1056 2079 congruunt
1090 1993 1180 2058 enim
1203 1992 1414 2079 Androcydis
1446 1994 1570 2058 medici

406 2101 589 2168 sententiae
625 2121 703 2164 cum
732 2099 971 2185 Pythagoricis
1004 2101 1143 2165 fortasse
1178 2100 1340 2186 oonsilio).
1387 2101 1438 2165 lta
1468 2101 1571 2166 simul

407 2207 563 2294 epistolae
587 2203 630 2271 ad
654 2205 883 2272 Alexandrum
907 2206 1102 2272 cohortandi
1126 2228 1226 2272 causa
1249 2207 1453 2292 praemissae
1477 2229 1570 2293 prae-

406 2321 501 2401 cepta
524 2313 846 2380 commendabantur
869 2313 1090 2400 Pythagorica
1112 2314 1328 2379 auctoritate.

513 2421 637 2486 Totum
671 2442 756 2506 opus
790 2421 1016 2505 conscriptum
1050 2427 1121 2485 erat
1154 2421 1293 2485 dialecto
1326 2421 1444 2500 ionica,
1478 2420 1571 2486 unde

406 2529 544 2594 tortasse
569 2527 727 2592 docemur
757 2526 797 2591 de
821 2526 979 2600 lontibus,
1014 2527 1136 2612 quibus
1167 2527 1210 2592 ad
1243 2549 1327 2614 opus
1360 2550 1461 2593 suum
1495 2550 1570 2594 con-

406 2635 644 2701 sarcinandum
689 2655 770 2698 usus
814 2634 857 2698 sit
897 2634 1061 2699 falsarius.
1139 2634 1252 2700 Ionica
1298 2635 1389 2700 enim
1429 2634 1571 2700 dialecto

407 2742 592 2827 conscripta
622 2747 692 2806 erat
714 2740 958 2806 Anaximandri
982 2741 1101 2806 Milesii
1131 2745 1302 2829 συμβόλων
1333 2735 1572 2833 Πυθαγορείων

406 2847 550 2938 ἐξήγησις
582 2887 622 2895 -
655 2849 695 2912 of.
720 2871 751 2933 p.
778 2849 818 2912 21
846 2885 882 2894 --
917 2868 984 2933 quo
1012 2869 1053 2912 ex
1081 2848 1165 2913 libro
1198 2850 1336 2914 fortasse
1367 2848 1430 2914 sibi
1464 2849 1572 2916 vindi·

409 2957 498 3022 cavit
521 2955 673 3020 falsarius
697 2955 875 3020 dialectum
898 2954 1084 3043 ionicam,⁷)
1108 2977 1176 3040 qua
1199 2955 1282 3020 liber
1307 2963 1505 3021 consecutus
1522 2962 1573 3020 est

407 3062 615 3148 antiquitatis
639 3062 808 3147 quendam
832 3061 975 3127 colorem
999 3068 1031 3127 et
1053 3062 1227 3148 fulgorem.

514 3239 716 3325 Fragmenta
749 3261 828 3307 vero
863 3240 1076 3327 Androcydei
1110 3254 1184 3333 περὶ
1219 3247 1462 3329 Πυθαγορικῶν
1497 3251 1572 3329 συμ-

406 3348 516 3432 βόλων
539 3347 615 3412 libri
638 3353 770 3412 exstant
792 3347 889 3416 haec:

512 3724 720 3791 Jambliohus
743 3725 800 3792 vit.
825 3724 922 3812 Pyth‚
946 3619 1055 3811 §lidb
1079 3723 1129 3789 ed.
1153 3724 1273 3790 Nauck
1296 3747 1326 3810 p.
1355 3726 1434 3791 105:
1466 3721 1516 3793 ὅτι
1539 3727 1572 3794 ’δ’

409 3837 504 3902 οὐδὲν
528 3832 631 3923 ᾠόντο
661 3834 697 3900 ἐκ
720 3833 928 3916 ταύτομάτου
952 3838 1146 3920 συμβαίνειν
1169 3844 1225 3900 καὶ
1255 3834 1325 3900 α’πὸ
1349 3835 1454 3919 τύχης,
1484 3835 1571 3900 ἄλλα

515 4133 534 4206 ⁷)
554 4134 692 4190 Firmatur
725 4135 840 4188 fortasse
879 4135 944 4188 haec
981 4134 1071 4202 opinio
1104 4133 1291 4204 similitudine,
1333 4149 1401 4202 quae
1427 4133 1574 4188 intercedit

409 4225 481 4279 inter
504 4207 701 4279 Anaximandri
721 4223 869 4291 symbolum
888 4223 1001 4278 tertium
1018 4229 1048 4277 et
1066 4223 1210 4290 Hippolyti
1230 4230 1343 4293 sextum,
1372 4223 1442 4290 quod
1467 4239 1501 4277 ex
1518 4223 1574 4278 An·

410 4315 524 4382 drocyde
552 4314 646 4372 fluxit:
672 4313 887 4367 Anaximander:
922 4311 975 4365 εἰπὸ
994 4310 1190 4383 ὁλοκλήρου
1213 4310 1319 4383 ἄρτου
1344 4311 1387 4385 μή
1414 4315 1572 4373 ἐσθίειν,

410 4405 598 4472 Androcydes:
625 4401 678 4454 οἷπὸ
702 4401 784 4454 ὅλου
810 4403 914 4471 ἄρτου
939 4400 982 4474 μή
1010 4387 1203 4454 acidane·
1229 4400 1261 4454 ui
1289 4400 1440 4474 ὑπάρχοντά
1465 4421 1508 4456 σοι
1534 4391 1573 4476 pii

409 4501 498 4568 μειου,
527 4491 584 4545 ‹tll'
613 4490 666 4544 ἀπὸ
694 4498 738 4557 τῆς
766 4490 897 4561 προσόδου
926 4495 998 4556 ζῆθι,
1027 4490 1143 4561 φύλασσε
1172 4491 1200 4544 δὲ
1228 4489 1278 4557 τήν
1304 4491 1397 4546 ουσίαν
1425 4491 1461 4553 οἷς
1490 4496 1573 4568 ἄρτον

411 4582 535 4649 ὁλόκλη
547 4601 614 4656 ρον.
655 4581 708 4638 Sed
726 4597 769 4638 res
789 4587 830 4636 cst
849 4580 938 4636 dubia.
