3488 5584
909 445 1129 511 ..25-

545 642 586 711 τά
613 647 649 711 δὲ
673 639 803 711 πεσόντ’
829 643 898 710 άπδ
930 647 1091 734 τραπέζης
1114 639 1158 733 μη
1184 642 1409 733 άναιρεῖσθαι,
1519 637 1605 727 ύπὲρ

439 758 496 818 τοῦ
518 752 696 830 ἐθίζεσθαι
712 753 755 838 μη
781 749 969 830 ἀκολάστως
986 752 1111 818 ἒσθίειν
1135 750 1156 838 ἢ
1180 751 1230 818 ὅτι
1254 751 1310 818 ἰπὶ
1326 748 1474 849 τελετῇῖ)
1497 769 1604 828 τινος·
1712 761 1713 774 ’

439 869 494 925 καῖ
525 861 753 948 Ἀριστοφάνης
789 861 825 926 δὲ
857 859 923 925 τοῖν
958 857 1071 949 ηριύων
1103 870 1199 947 φησὶν
1234 861 1319 925 εἶναι
1347 857 1388 925 τά
1424 871 1603 933 πίπτοντα,

438 967 539 1048 λέγων
563 966 599 1032 ἐν
622 984 686 1044 τοῖς
701 966 824 1056 Ἥρωσι

521 1076 618 1161 Μηδὲ
639 1075 769 1157 γεύεσθ’
795 1068 866 1140 ἅττ’
892 1072 935 1140 άν
959 1070 1050 1153 έντδς
1072 1078 1128 1158 τῆς
1151 1077 1315 1163 τραπέζης
1339 1083 1520 1170 καταπέση.

545 1182 767 1270 Ἀλεκτρύονος
783 1176 826 1267 μη“
844 1179 1016 1248 ἅπτεσθαι
1032 1185 1153 1258 λευκοῦ,
1246 1179 1297 1248 δτι
1314 1182 1399 1267 ίερδς
1414 1179 1472 1247 τού
1488 1180 1607 1267 Μηνδς

438 1298 494 1352 καῖ
517 1293 622 1374 ἱκέτης
648 1310 654 1322 ·
679 1286 745 1373 (καῖ
774 1290 810 1354 τδ
835 1296 896 1372 μὲν
927 1288 1043 1356 λευκδν
1070 1292 1127 1374 τῆς
1157 1281 1315 1369 τάγαθού
1343 1285 1476 1369 φύσεως,
1505 1285 1542 1352 τδ
1568 1288 1606 1352 δὲ

437 1397 541 1478 μέλαν
562 1402 619 1463 τοῦ
642 1399 754 1477 κακοῦ)
768 1393 791 1479 Β)
815 1396 851 1462 τδ
877 1397 906 1462 δ’
930 1388 971 1482 ἦν
994 1402 1060 1462 τοῖν
1077 1387 1222 1479 άγαθαῒν
1240 1417 1245 1429 ·
1264 1403 1312 1486 coi
1327 1424 1362 1463 τε
1378 1403 1472 1482 Μηνὶ
1495 1395 1604 1483 ἱερός·

439 1514 587 1592 σημαίνει
611 1503 674 1591 γάρ
697 1502 755 1577 τάς
779 1499 888 1589 ὧρας.
997 1507 1064 1569 τιδν
1088 1505 1220 1588 ι’χθύων
1248 1505 1292 1589 μή
1326 1499 1507 1583 δι’πτεσθαι,
1535 1501 1607 1567 ὅσοι

439 1613 526 1693 ἱεροί,
645 1608 689 1696 μη
707 1605 769 1699 γάρ
787 1613 855 1677 δεῖν
871 1610 912 1676 τά
931 1608 1017 1677 coro?
1043 1612 1203 1696 τετύχθαι
1219 1618 1311 1690 θεοῖς
1326 1622 1382 1677 καῖ
1399 1607 1605 1699 άνθριύποις,

439 1710 546 1805 οἵσπερ
570 1718 637 1783 οὐδ’
661 1717 845 1807 ἐλευθέροις
868 1728 924 1784 καὶ
949 1715 1121 1806 &aristote-2⁹)
1212 1718 1312 1807 άρτον
1332 1718 1376 1804 μή
1394 1714 1604 1801 καταγνύειν,

544 1822 593 1889 δτι
616 1825 664 1905 ἐφ’
689 1830 747 1891 ἕνα
772 1823 854 1907 (scil.
873 1821 973 1914 άρτον
988 1825 1028 1889 cf.
1046 1824 1166 1890 Jambl.
1185 1848 1215 1890 v⁴
1233 1825 1269 1889 Ρ.
1288 1826 1342 1906 86)
1365 1829 1395 1891 οῖ
1411 1826 1519 1892 πάλαι
1537 1829 1607 1890 τοῖν

438 1931 540 2016 φίλων
555 1929 593 2008 10)
628 1931 771 2016 ἕηοίτων,
808 1929 969 2021 καθάπερ
998 1933 1046 1998 ε”τι
1074 1944 1129 1998 καῖ
1163 1933 1222 2002 νύν
1256 1937 1286 2000 οἱ
1320 1934 1486 2022 βάρβαροι
1519 1935 1607 2020 μηδὲ

438 2030 577 2121 διάιρεῖν
600 2033 633 2116 δς
658 2037 789 2122 συνάγει
812 2037 927 2118 αύτούς
945 2061 950 2073 ·
969 2045 998 2106 oi
1022 2042 1059 2106 δὲ
1075 2041 1156 2125 πρὸς
1178 2036 1238 2126 τήν
1262 2042 1299 2108 ἐν
1321 2035 1406 2132 ᾅδου
1428 2052 1533 2129 κρίσιν
1551 2059 1557 2070 ·
1576 2047 1607 2105 οῖ

439 2144 474 2210 δὲ
498 2152 542 2219 εἰς
566 2148 711 2231 πόλεμον
734 2150 860 2213 δειλίαν
883 2163 997 2224 ποιεῖν,
1020 2155 1050 2215 οῖ
1074 2150 1118 2224 δέ,
1139 2149 1211 2215 ἐπεὶ
1236 2149 1304 2215 άπδ
1329 2146 1443 2216 τούτου
1467 2147 1606 2233 ἄρχεται

436 2248 473 2317 τδ
492 2247 576 2319 ὅλον.
592 2252 628 2340 ¹¹)
660 2258 803 2320 καὶτῶν
826 2256 999 2341 σχημάτων
1014 2254 1050 2321 τδ
1075 2256 1246 2323 κάλλιστον
1270 2273 1413 2345 σφαῖραν
1436 2255 1608 2323 εἶναιτῶν

438 2365 583 2446 στερεῶν,
609 2366 675 2429 τῶν
692 2364 719 2428 δ’
743 2364 908 2430 ἐπιπέδων
931 2364 1047 2431 κύκλον
1065 2385 1070 2397 ·
1088 2368 1188 2452 γῆρας
1205 2375 1261 2430 καῖ
1278 2371 1349 2431 πᾶν
1360 2361 1395 2429 ro*
1411 2363 1607 2448 μειούμενον

438 2466 551 2552 δ’μοιον
573 2481 629 2536 καῖ
655 2469 760 2557 αύξην
782 2482 838 2537 καὶ
863 2472 997 2557 νεότητα
1021 2468 1142 2539 ταδτόν
1159 2492 1164 2503 ·
1182 2467 1310 2554 ύγίειαν
1332 2470 1392 2556 την
1416 2475 1476 2536 τού
1500 2471 1607 2548 εἴδους

438 2574 609 2662 διαμονήν,
636 2575 731 2644 νόσον
748 2581 784 2645 δὲ
808 2573 867 2660 τήν
890 2579 1002 2646 τούτου
1031 2580 1189 2665 φθοράν
1299 2585 1373 2664 περὶ
1403 2585 1470 2646 τοῖν
1514 2576 1607 2644 άλῶν

437 2679 486 2750 δτι
510 2685 561 2751 δεῖ
582 2692 840 2774 παρατίθεσθαι
917 2713 920 2722 ’
947 2687 1027 2775 πρδς
1059 2684 1241 2773 ύπύμνησιν
1259 2685 1316 2753 τού
1346 2687 1474 2754 δικαίου
1490 2682 1552 2770 ¹²)'
1576 2692 1608 2752 οῖ

543 2932 565 3000 ⁷)
584 2934 669 2987 Recte
698 2933 843 3002 Menagios
871 2933 972 2990 Soidae
1007 2955 1027 2991 s.
1055 2952 1081 2988 v.
1114 2932 1284 3003 Πυθαγόρας
1317 2933 1478 3001 scripturam
1507 2935 1608 3004 τελετῇ,

436 3023 631 3076 aOasaubono
651 3025 813 3093 damnatam,
841 3024 1046 3079 commendavit.
1083 3024 1126 3078 De
1146 3030 1306 3092 argumento
1335 3023 1481 3076 acosmatis
1500 3023 1607 3080 Rohde.

435 3112 541 3178 Psyche
559 3113 583 3181 1,
603 3118 663 3181 224,
685 3118 706 3165 l.

545 3200 566 3266 ⁸)
584 3199 716 3269 Porphyr.
735 3203 767 3256 de
787 3203 884 3259 obstin.
904 3203 955 3271 IV,
974 3221 1000 3271 p.
1020 3208 1081 3272 255,
1100 3216 1115 3256 a
1135 3200 1199 3271 etih²
1217 3203 1251 3256 N.
1299 3202 1447 3258 Commeat.
1467 3201 1496 3254 in
1515 3202 1547 3257 L.
1568 3201 1606 3258 D.

436 3292 477 3347 ed.
497 3292 611 3345 Hiibner
631 3290 654 3361 Ι,
676 3296 744 3354 122;
772 3291 812 3360 II,
832 3298 891 3346 326.
929 3293 965 3346 ci.
983 3293 1018 3346 V.
1038 3293 1128 3361 Eeho,
1155 3291 1377 3359 Culturpflcnzen
1396 3298 1446 3344 etc.
1466 3296 1517 3344 263
1537 3308 1607 3359 sqq,

436 3381 539 3449 Rohde,
559 3381 663 3447 Psyche
677 3386 737 3450 221,
752 3386 764 3434 l
781 3382 862 3449 [699]
899 3382 976 3436 Haeo
995 3382 1077 3436 verba
1095 3383 1294 3449 transponenda
1313 3380 1379 3435 mihi
1399 3396 1456 3434 esse
1475 3379 1607 3434 videntur

436 3477 464 3524 et
482 3471 531 3524 hoc
559 3472 615 3524 looo
644 3471 811 3534 collocanda3
841 3487 903 3524 nam
922 3473 998 3526 deest
1016 3471 1168 3540 explicatio,
1188 3487 1235 3524 our
1262 3469 1359 3524 albis
1386 3477 1493 3524 matam
1521 3469 1606 3538 gallis

436 3558 626 3612 abstinendum
645 3575 701 3613 esse
720 3559 829 3614 iusserit
848 3560 1027 3630 Pythagoras.

542 3647 565 3715 ⁹)
584 3648 700 3717 Lobcok‚
719 3649 853 3718 Aglaoph.
873 3653 933 3703 249.
953 3649 1026 3704 alibi.

543 3735 574 3806 ¹⁰)
594 3738 682 3792 Verus
708 3738 853 3792 acosmatis
879 3754 971 3792 sensus
998 3739 1107 3794 videtur
1125 3738 1254 3792 occultari
1273 3739 1363 3793 verbis
1391 3736 1430 3789 ὅτι
1458 3735 1524 3807 πρὸς
1552 3736 1603 3802 τήν

435 3828 464 3879 ἐν
478 3823 545 3896 ᾅδου
565 3834 651 3895 κρίσιν
670 3826 700 3879 ού
715 3832 852 3898 συμιγέρει.
873 3857 901 3865 ··
918 3828 951 3885 cf.
965 3845 990 3895 p.
1007 3832 1037 3881 ll
1054 3850 1101 3891 —;
1121 3828 1236 3883 fortasse
1249 3833 1354 3895 spectat
1372 3829 1422 3881 hoa
1440 3843 1548 3881 acusma
1567 3829 1619 3898 ad*

434 3933 512 3972 usum
532 3917 649 3982 aliquem
669 3917 696 3971 in
717 3916 866 3984 hospitibus
885 3917 1046 3985 recipiendis
1065 3917 1205 3986 usitatum,
1233 3917 1280 3984 qui
1308 3917 1425 3972 violatus
1453 3916 1603 3970 inferorum

435 4005 563 4060 altionem
585 4006 694 4060 excitat.
732 4006 765 4059 of.
785 4006 889 4074 Rohde,
908 4006 1014 4074 Psyche
1033 4011 1083 4060 287
1104 4014 1172 4060 extr.

544 4095 576 4162 ¹¹)
596 4095 724 4149 Graviter
752 4103 874 4162 corrupta
909 4103 951 4150 est
978 4095 1121 4164 explicatio
1150 4097 1227 4159 haeo;
1261 4096 1464 4163 interpretanda
1499 4103 1540 4150 ast
1568 4113 1601 4150 ex

434 4184 552 4252 pleniore
577 4184 724 4252 iootologia
751 4201 767 4237 e
794 4185 948 4240 Jamblioho
978 4203 1002 4238 v.
1033 4185 1063 4241 P.
1092 4189 1125 4238 86
1154 4191 1262 4239 servata
1287 4215 1318 4224 -
1346 4186 1474 4252 cipli
1499 4207 1546 4242 -z
1576 4191 1605 4236 at·

433 4275 485 4344 μὲν
498 4272 552 4343 γάρ
567 4291 650 4342 ιγασιν
663 4271 702 4324 ὅτι
716 4271 747 4324 οδ
761 4275 803 4326 δεῖ
813 4272 860 4326 τάν
874 4272 1023 4344 συνάγοντα
1039 4273 1177 4327 διαλύειν·
1189 4272 1218 4326 τδ
1231 4272 1286 4344 γάρ
1300 4273 1414 4345 άρχαῖον
1428 4281 1602 4344 βαρβαρικῶς

435 4362 533 4423 πάντες
551 4365 593 4416 ἐπὶ
612 4364 658 4415 ἕνα
677 4361 759 4431 άρτον
777 4361 906 4433 συνῄεσαν
924 4366 950 4415 οἱ
969 4365 1063 4432 ιγίλοι·
1084 4369 1111 4416 οἳ
1128 4364 1157 4416 δὲ
1176 4362 1214 4416 ὅτι
1233 4362 1265 4416 οδ
1283 4365 1325 4416 δεῖ
1342 4363 1438 4416 οἰωνὸν
1463 4368 1601 4416 ποιεῖσθαι

435 4459 553 4505 τοιοῦτον
570 4451 723 4524 α’ρχύμενον
741 4450 912 4522 καταγνόντα
932 4455 976 4506 καὶ
995 4460 1177 4523 συντρίβοντα.

541 4541 572 4608 ¹²)
590 4541 637 4596 Sal
657 4549 698 4596 est
716 4542 864 4609 symbolum
884 4542 1009 4612 hospitii:
1029 4542 1146 4612 Lobeok,
1166 4541 1230 4611 Agr.
1247 4546 1294 4606 883
1314 4559 1369 4596 una
1388 4559 1447 4597 oum
1466 4542 1538 4597 fabis
1556 4544 1601 4598 ad·

435 4633 543 4688 hibetur
560 4632 589 4686 in
607 4631 779 4689 lustralibus:
799 4631 915 4700 Lobeck,
935 4649 960 4700 p.
980 4636 1041 4688 254.
1060 4649 1084 4698 p.
1105 4637 1203 4693 carlet
1222 4641 1277 4688 not.
1297 4649 1342 4690 mr.
