3488 5584
630 431 849 498 ..270

157 620 229 716 γολρ
252 624 330 707 ἅλες
352 633 423 695 ποῖν
447 627 605 704 σώζουσιν
629 625 679 696 ὅτι
705 626 747 696 ἂν
770 630 992 719 παραλάβωσι
1017 639 1073 696 καῖ
1102 629 1275 713 γεγόνασιν
1298 624 1332 694 ἓκ

159 738 233 802 τῶν
256 737 508 825 καθαρωτάτων
531 739 624 823 ἡλίου
647 748 703 804 καὶ
729 739 898 824 θαλάττης
918 758 924 770 ·
941 749 1000 804 καὶ
1023 740 1129 804 ταῦτα
1147 747 1207 822 μίν
1225 733 1333 822 (φησιν

160 847 182 908 ὅ
214 842 423 933 Ἀλέξανδρος
455 845 491 913 ἐν
521 862 586 924 τοῖς
617 853 861 931 Πυθαγορικοῖς
897 842 1129 931 ὑπομνήμασιν
1164 846 1333 932 εὑρηκέναι

158 957 221 1016 καὶ
244 951 287 1017 τοὶ
311 951 442 1019 ἐκείνων
463 949 606 1038 ἐχόμενα
635 955 667 1025 (o‘
691 952 915 1042 Ἀριστοτέλης.

273 1057 323 1122 De
347 1058 527 1124 acusmatis
551 1058 780 1144 Pythagoricis
804 1058 961 1150 hocloco
997 1057 1063 1122 dici
1086 1057 1193 1122 elucet
1229 1075 1268 1122 ea
1291 1077 1332 1120 ex

161 1185 211 1242 re,
244 1164 334 1249 quod
359 1165 473 1231 omnia
496 1166 564 1230 lere
588 1163 677 1232 dicta
699 1165 921 1250 Pythagorica
937 1186 978 1230 ex
994 1163 1170 1229 Aristotele
1186 1186 1206 1228 a
1221 1163 1329 1228 Laert.

159 1271 264 1356 Diog.
280 1271 380 1336 allata
395 1272 437 1337 ab
454 1272 527 1338 aliis
543 1272 760 1357 scriptoribus
784 1273 853 1338 sive
871 1274 1068 1359 ἀκούσματα
1093 1272 1162 1338 sive
1183 1273 1331 1358 σύμβολα

162 1378 238 1444 sive
263 1379 328 1444 tale
351 1378 434 1464 quid
458 1386 637 1456 uocantum
664 1380 710 1445 sio
735 1377 834 1470 ἄρτον
857 1381 900 1468 μη
918 1382 1117 1464 καταγνύειν
1139 1401 1191 1464 ap.
1209 1377 1330 1443 Jambl.

159 1509 195 1552 v.
207 1486 246 1550 P.
261 1487 321 1565 863
336 1487 561 1553 Anaximand.
571 1509 623 1573 ap.
633 1485 723 1551 Suid.
739 1509 762 1552 s.
777 1511 807 1553 v.
822 1481 983 1574 Ἀναξίμ;
998 1487 1133 1574 κυάμων
1142 1486 1333 1570 ἀπέχεσθαι

160 1593 376 1678 saepissime;
390 1587 599 1682 α’λεκτρύονος
610 1597 655 1682 μη
670 1593 842 1662 ἅπτεσθαι
858 1598 973 1663 λευκοῦ
984 1593 1169 1679 00100101.
1183 1616 1214 1660 v.
1229 1593 1265 1656 P.
1280 1593 1330 1658 84.

274 1699 341 1764 Cur
364 1701 404 1767 V.
427 1701 515 1766 Rose
539 1701 558 1767 l.
576 1701 595 1766 l.
621 1723 691 1766 non
714 1702 837 1781 omnia,
862 1723 948 1786 quae
972 1701 1131 1786 leguntur
1153 1723 1204 1786 ap.
1231 1700 1266 1764 L.
1291 1700 1331 1764 D.

162 1805 374 1886 Vinacea,
398 1807 567 1874 Aristoteli
591 1807 753 1886 tribuerit,
785 1808 844 1873 sed
878 1815 910 1873 et
940 1829 1076 1874 versum
1099 1806 1333 1892 Aristophanis

161 1919 198 1980 et
222 1935 309 1998 quae
334 1915 491 2000 leguntur
506 1921 582 2000 post
598 1914 700 1982 verba
715 1917 788 1984 rae
805 1914 873 1984 οἷιτό
890 1917 1006 1984 τούτου
1023 1916 1160 2003 ἄρχεται
1185 1916 1220 1981 τὰ
1246 1913 1331 1992 ὅλον,

162 2021 195 2086 ei
220 2020 471 2100 abiudicaverit,
495 2043 564 2086 non
587 2021 757 2106 intelleg03
789 2043 869 2086 nam
903 2028 973 2086 tam
1006 2022 1092 2086 clare
1124 2027 1157 2086 et
1179 2019 1333 2086 distincte

160 2128 347 2213 fragmenti
363 2127 509 2194 ambitus
525 2128 656 2193 definiri
672 2129 756 2192 mihi
779 2128 921 2212 videtur,
945 2135 982 2194 ut
998 2129 1060 2194 bac
1077 2129 1118 2194 de
1135 2150 1169 2194 re
1186 2127 1332 2194 dubitari

162 2257 238 2300 non
260 2255 358 2320 posse
383 2234 527 2300 credam.

275 2340 340 2406 Sed
363 2341 428 2407 alia
451 2349 539 2422 sunt,
564 2364 650 2428 quae
674 2343 859 2408 offendunt.
906 2344 946 2408 In
969 2344 1033 2409 hoc
1052 2365 1187 2428 quoque
1211 2342 1333 2408 Aristo·

162 2449 241 2516 telis
265 2450 462 2534 fragmento,
499 2451 594 2516 utin
618 2449 836 2530 antecedenti,
872 2451 997 2516 mixtae
1021 2457 1100 2516 sunt
1130 2473 1208 2516 curn
1242 2471 1332 2515 acus·

164 2557 279 2635 matis,
305 2578 391 2642 quae
415 2557 507 2622 haud
530 2556 631 2624 dubie
654 2558 808 2643 religiosa
831 2565 1008 2644 praecepta
1036 2559 1217 2635 continent,
1248 2557 1332 2622 aliae

162 2665 360 2739 sententiae,
387 2665 510 2750 quibus
526 2687 587 2730 nec
604 2666 806 2752 praecipitur
822 2667 1004 2752 quicquam
1028 2688 1089 2732 nec
1110 2672 1251 2744 vetatur,
1276 2664 1333 2730 sed

162 2770 486 2836 circumscribuntur
509 2793 560 2836 res
584 2779 682 2837 notae
705 2772 815 2839 verbis
838 2773 1016 2838 inusitatis.
1070 2772 1209 2838 Videtur
1232 2773 1335 2857 igitur

162 2879 359 2944 Aristoteles
383 2900 552 2944 unacum
581 2877 770 2959 acusinatis
803 2902 889 2966 quae
925 2887 1005 2946 sunt
1037 2894 1117 2971 περί
1146 2909 1181 2947 τε
1215 2888 1335 2960 θυσίας

163 2991 246 3054 καθ’
272 2987 425 3064 ἑκάστους
448 2985 523 3066 τούς
551 2984 683 3077 καιρούς
707 2996 778 3068 ττοῑς
801 2989 858 3078 χρή
884 2996 1064 3065 ποιεῖσθαι,
1090 2989 1149 3066 τοίς
1173 3017 1208 3054 τε
1231 2983 1333 3060 ἄλλος

164 3098 275 3166 (θεῶν
299 3097 490 3183 θρησκείας)
514 3106 571 3162 καὶ
593 3108 668 3182 περὶ
691 3097 900 3182 μετοικύσεως
923 3095 980 3184 τῆς
1003 3095 1161 3164 ἐντεῦθεν
1185 3107 1334 3184 καὶπερὶ

163 3201 225 3280 τοὶς
247 3197 357 3288 ταηιοῖς
378 3208 450 3281 παῖς
474 3205 524 3270 δεῖ
551 3204 840 3272 καταθάπτεσθαι
863 3241 907 3252 -·
931 3203 971 3267 ci.
996 3225 1026 3287 p.
1054 3203 1074 3266 3
1100 3239 1151 3280 w,
1176 3208 1333 3267 tractasse

164 3307 289 3387 omnia,
314 3329 401 3393 quae
425 3308 467 3374 ad
483 3308 710 3394 Pythagoram
734 3308 979 3375 reducebantur
1003 3311 1112 3388 effata,
1131 3315 1163 3374 et
1185 3309 1271 3373 inter
1295 3330 1334 3372 ea

162 3415 247 3480 haee
271 3415 474 3501 συμβολικῶς
498 3423 660 3506 εἰρημένα.

272 3521 380 3588 Valde
396 3545 475 3590 vero
492 3529 541 3588 est
557 3522 748 3603 dolendum,
773 3524 864 3610 quod
889 3531 1000 3590 textus
1015 3515 1195 3609 ¹fragmenti
1210 3523 1332 3588 Aristo-

163 3629 253 3696 teliei
265 3635 335 3694 tam
347 3631 493 3715 graviter
505 3638 680 3716 corruptus
697 3632 739 3696 sit
752 3654 759 3710 ;
778 3653 879 3716 supra
889 3633 980 3698 enim
995 3632 1064 3696 iam
1081 3631 1150 3696 dixi
1162 3629 1265 3698 verba
1276 3643 1332 3697 καὶ

163 3740 199 3805 τύ
231 3745 296 3824 μὲν
329 3737 444 3806 λευκδν
475 3747 532 3827 τῆς
555 3741 722 3822 τᾶγαθοῦ
754 3742 875 3827 φύσεως
907 3743 972 3806 κτλ.
1006 3739 1090 3804 falso
1122 3739 1193 3804 loco
1224 3738 1333 3823 posita

164 3866 304 3910 revera
337 3844 532 3910 subicienda
556 3867 626 3910 esse
658 3848 821 3911 acusmati
853 3845 1062 3936 α’λεκτρύονος
1085 3848 1129 3935 μη
1162 3843 1332 3914 ἅπτεσθαι

165 3956 281 4022 λευκοῦ
283 4005 288 4018 .
304 3951 424 4017 deinde
438 3974 479 4018 ex
488 3953 643 4020 lamblv.
654 3953 689 4018 P.
698 3955 739 4020 86
752 3953 915 4032 videmus
930 3961 1135 4039 quantopere
1148 3952 1333 4018 deformata

164 4060 206 4124 sit
229 4055 407 4145 explicatio
431 4060 610 4124 acusrnatis
630 4060 729 4149 ἄρτον
745 4061 788 4148 μη
814 4062 1017 4145 καταγνύειν,
1043 4082 1123 4126 nam
1138 4082 1207 4126 non
1224 4061 1332 4126 solum

164 4167 227 4232 alio
253 4173 285 4232 et
299 4167 384 4232 ialso
400 4166 516 4231 ordine
533 4167 720 4232 afferuntur
735 4166 827 4254 apud
842 4168 950 4233 Laert.
968 4169 1064 4253 Diog.
1084 4168 1330 4253 explicationes

164 4274 220 4339 sed
246 4274 347 4338 etiam
376 4274 527 4359 singulae
555 4275 709 4353 rationes,
741 4275 832 4360 apud
855 4275 1084 4340 Janrbliehum
1117 4275 1241 4360 optimo
1270 4282 1331 4339 tra·

165 4381 262 4460 ditae,
285 4383 323 4446 in
346 4381 469 4446 Laertii
492 4382 587 4466 Diog.
613 4381 724 4448 verbis
746 4383 804 4449 vix
833 4383 969 4468 agnosci
992 4383 1061 4448 iam
1093 4388 1252 4468 possunt:
1285 4383 1331 4448 sic

163 4488 344 4554 Jamblicbi
367 4489 543 4575 explicatio
565 4485 615 4555 ὅτι
639 4490 721 4580 πρὸς
743 4491 802 4576 τήν
825 4492 862 4558 ἑν
886 4486 968 4582 ᾅδου
991 4505 1094 4580 κρίσιν
1117 4489 1156 4558 ου’
1180 4502 1331 4576 συμφέρει

165 4617 215 4681 ap.
240 4596 276 4660 L.
303 4596 343 4664 D.
369 4595 541 4661 decurtata
570 4603 619 4661 est
648 4595 683 4662 in
719 4605 748 4665 ol
780 4599 816 4665 δὲ
840 4595 921 4686 αρός
951 4600 1011 4686 την
1034 4600 1070 4666 ἐν
1101 4596 1186 4690 ᾅδου
1217 4610 1330 4689 κρίσιν,
