3488 5584
657 465 875 529 „47-

173 659 271 724 κατοὶ
296 666 399 727 θείαν
423 657 591 750 πρόνοιαν,
616 657 758 745 μάλιστα
782 669 850 740 τοῖς
875 663 1018 743 άγαθοῑς
1041 672 1097 726 καὶ
1113 653 1256 740 εύσεβέσι
1281 661 1348 728 τοῖν

176 767 387 856 ἀνθρώπων,
412 769 546 846 βεβαιοῖ
567 767 608 833 τά
633 768 699 836 ond
724 765 937 853 Ἀνδροκύδου
960 769 997 834 ἐν
1026 771 1072 854 τῷ
1095 779 1169 855 περὶ
1194 776 1348 851 Πυθαγο-

175 877 283 962 ρικῶν
306 871 478 958 συμβόλων
502 871 714 962 ἱστορούμενα
739 886 813 963 περὶ
839 877 1027 963 Θυμαρίδου
1058 881 1117 942 τοῦ
1143 883 1348 963 Ταραντίνου

176 979 235 1063 (N.
261 979 344 1043 coni.
379 982 554 1070 Θυμαρίδοι
582 984 639 1049 τού
667 979 816 1070 Παρίου),
853 985 1086 1074 ῌυδαγορικού
1111 1033 1116 1043 .
1145 984 1347 1049 ἀποπλέοντι

175 1083 246 1174 γάρ
271 1089 361 1176 αὐτῷ
388 1098 445 1154 καὶ
475 1089 768 1177 χωριζομένεμιδιά
798 1115 871 1155 τινα
903 1101 1102 1176 περίστασιν,
1139 1099 1348 1177 παρέστησαν

177 1199 211 1259 02
237 1198 359 1283 ἑταῖροι
382 1186 612 1279 άσπαζύμενοί
638 1222 673 1260 τε·
703 1206 759 1260 καὶ
781 1199 1036 1284 προπεμπτικῶς
1068 1187 1345 1281 άποτασσάμενοι.

176 1314 243 1366 καί
261 1328 309 1378 τις
332 1298 393 1388 ἤδη
426 1302 582 1380 ἐπιβάντι
609 1309 667 1370 τού
694 1304 810 1368 πλοίου
838 1303 930 1369 εἶπεν
951 1322 956 1332 ·
980 1297 1064 1378 ,ὅσα
1094 1303 1217 1381 βούλει,
1250 1302 1344 1392 παρά

175 1415 248 1474 τῶν
281 1407 373 1473 θεῶν
407 1404 544 1490 (γένοιτό
567 1415 637 1490 σοι),
663 1401 690 1476 οῗ
719 1410 925 1498 Θυμαρίδα“.
950 1419 1006 1476 καῖ
1022 1407 1058 1488 δς
1083 1411 1260 1496 „adoloffi
1286 1409 1346 1493 ἔφη

176 1514 292 1591 ,,άλλά
309 1516 485 1601 βουλοίμην
499 1518 633 1601 μᾶλλον,
652 1511 699 1581 δσ’
726 1512 770 1583 dv
791 1544 846 1601 μοι
863 1511 957 1601 παρά
980 1522 1046 1582 τοῖν
1070 1523 1161 1582 θεῶν
1182 1521 1347 1603 γένηται“.
1438 1567 1441 1574 ι

291 1619 413 1685 Attulit
436 1641 513 1706 ergo
541 1620 758 1706 Androcydes
782 1621 825 1685 ad
849 1621 1000 1707 symbola
1023 1621 1221 1706 explicanda
1237 1643 1348 1686 narra-

175 1727 350 1792 tiunculas
382 1727 422 1792 de
455 1727 664 1813 singulorum
687 1728 973 1813 Pythagoreorum
1000 1728 1181 1794 virtutibus
1212 1729 1349 1793 circum·
1465 1795 1470 1806 ‚

176 1835 276 1912 latas
309 1834 460 1899 similiter
490 1841 590 1919 atque
614 1835 843 1914 Aristoxenus,
876 1835 935 1920 qui
959 1841 996 1899 ut
1018 1836 1206 1936 fragmenta
1229 1835 1349 1900 docent

177 1978 226 1988 --
250 1941 291 2006 cl.
317 1941 352 2004 O.
376 1941 506 2019 Mtiller,
531 1941 566 2005 F.
582 1942 626 2006 H.
653 1942 708 2006 Gr.
733 1942 776 2020 Il,
802 1943 865 2007 269
890 1979 942 2021 -‚
967 1942 1146 2009 illustravit
1168 1949 1346 2028 praecepta

174 2048 406 2134 Pythagorica
429 2047 605 2133 episodicis
628 2049 884 2114 narrationibus.

703 2246 779 2310 .2.

263 2397 264 2400 “
291 2371 444 2435 Clemens
479 2369 726 2436 Alexandrinus
761 2377 908 2436 stromat.
945 2372 986 2450 V,
1016 2373 1081 2438 568
1113 2373 1152 2436 A.
1179 2371 1268 2458 Syll).
1299 2372 1348 2436 ΙΙΙ

174 2503 215 2565 p.
246 2479 300 2557 35,
338 2479 377 2541 12
406 2477 524 2542 Dind:
556 2490 612 2546 καὶ
641 2490 676 2544 τί
705 2507 760 2564 μοι
792 2490 864 2568 περὶ
899 2478 1089 2568 βαρβάρους
1116 2482 1347 2570 ἐνδιατρίβειν,

176 2588 259 2664 ἐξὸν
283 2585 403 2664 αύτούς
425 2585 500 2660 τούς
514 2581 675 2672 Ἕλληνας
705 2588 828 2674 σφόδρα
862 2591 901 2684 τῇ
933 2585 1108 2679 ἐπικρύψει
1138 2599 1349 2676 κεχρημένους

178 2700 416 2784 παραστῆσαι;
458 2694 665 2781 Ἀνδροκύδης
697 2700 775 2775 γοῦν
814 2695 832 2758 ὁ
867 2696 1096 2782 Πυθαγορικὰς
1136 2695 1177 2761 τά
1219 2697 1348 2778 Ἐφέσιοι

178 2798 374 2882 καλούμενα
409 2798 587 2886 γράμματα
616 2801 653 2866 έν
685 2803 814 2877 πολλοῖς
846 2802 885 2886 δη
911 2803 1144 2889 πολυθρύλητα
1170 2801 1250 2868 δντα
1276 2823 1348 2886 συμ-

177 2909 293 2988 βόλων
316 2905 401 2992 ἔχειν
428 2918 504 2992 ηησῑ
528 2903 633 2984 τάξιν,
660 2919 831 2995 σημαίνειν
854 2909 890 2973 δὲ
914 2903 1044 2975 ’Ἀσκιον
1066 2916 1127 2994 μὲν
1159 2910 1195 2974 τδ
1230 2905 1348 2988 σκότος,

177 3016 226 3102 μη
251 3011 314 3104 γάρ
343 3015 428 3099 ἔχειν
460 3019 556 3080 τούτο
591 3012 694 3080 σκιάν·
741 3020 808 3100 coir
833 3016 869 3081 δὲ
892 3016 1086 3092 Κατάσκιον,
1123 3016 1198 3082 ἐπεὶ
1231 3042 1349 3082 καταυ·
1449 2997 1453 3006 ’

178 3124 277 3203 γάζει
299 3120 360 3207 την
383 3119 496 3188 σκιάν·
533 3127 599 3199 Al}
622 3132 661 3187 τέ
681 3123 769 3188 ἐστιν
789 3123 866 3207 ἤγῆ
881 3122 964 3188 κατά
989 3125 1132 3207 άρχαίαν
1147 3123 1348 3207 ἐπωνυμίαν,

177 3240 238 3295 καὶ
259 3228 383 3317 Τετράς
409 3225 589 3306 δένιαυτδς
614 3230 670 3294 διά
694 3229 753 3306 τάς
779 3225 875 3318 (δρας,
900 3225 1137 3314 Δαμναμενεδς
1169 3232 1205 3296 δὲ
1228 3225 1349 3317 ὅῆλιος

179 3332 203 3403 ὅ
223 3333 392 3421 δαμάζιον,
418 3332 459 3401 τά
477 3337 582 3402 Αἴσιά
606 3363 641 3401 τε
663 3337 684 3422 ἦ
708 3333 839 3422 άληδης
855 3336 950 3424 -φωνή
963 3385 968 3397 .
995 3349 1143 3422 σημαίνει
1159 3338 1186 3402 δ’
1212 3331 1277 3426 άροι
1312 3332 1348 3403 cd

180 3445 348 3526 σύμβολον
371 3444 413 3522 οἷς
435 3439 629 3528 κεκόσμηται
653 3438 695 3509 τά
719 3450 810 3509 θεῖοι·
846 3442 913 3510 οἷον
949 3444 1058 3518 σκότος
1087 3445 1168 3529 πρὸς
1193 3444 1269 3528 φάς,
1293 3454 1349 3510 καὶ

180 3547 273 3637 ἥλιος
297 3551 379 3640 πρδς
401 3549 555 3617 ἐνιαυτὸν
578 3561 635 3616 καὶ
657 3553 698 3636 γῆ
721 3551 802 3639 πρδς
826 3563 991 3618 παντοίαν
1015 3546 1138 3635 φύσεως
1161 3562 1296 3634 γένεσιν.

292 3657 427 3720 Praeter
450 3654 601 3742 symbola
623 3655 845 3741 Pythagorica
867 3655 1085 3741 Androcydes
1117 3657 1182 3721 alia
1215 3678 1349 3742 quoque

181 3764 274 3830 dicta
298 3761 482 3849 symbolica
504 3762 667 3839 tractavit,
692 3784 731 3827 ea
754 3763 891 3842 ratione,
923 3769 960 3827 ut
984 3763 1069 3827 sicut
1091 3763 1126 3828 in
1151 3763 1348 3849 aenigmatis

181 3869 335 3956 singulas
358 3890 455 3936 voces
478 3869 619 3955 mystico
643 3870 790 3954 quodam
822 3891 922 3935 sensu
950 3876 1127 3954 usurpatas
1151 3891 1221 3935 esse
1245 3877 1347 3956 putet.

185 3978 288 4056 Quod
310 3999 389 4043 vero
412 3976 524 4068 τετράς
548 3977 742 4062 significare
758 3976 879 4042 dicitur
901 3981 1059 4062 quattuor
1086 3977 1166 4042 anni
1189 3984 1348 4063 tempora,

182 4085 412 4154 vetustissima
430 4089 480 4149 est
496 4084 701 4149 Graecorum
717 4084 899 4164 sententia3
922 4105 989 4169 qua
1006 4082 1046 4148 de
1062 4106 1097 4148 re
1113 4085 1153 4149 cf.
1172 4085 1273 4161 Diels,
1291 4085 1309 4148 l.
1328 4085 1348 4151 l.

183 4192 311 4259 Archiv
333 4191 383 4256 ΠΙ
407 4214 437 4277 p.
463 4191 618 4268 463l464.

752 4389 782 4452 3.

292 4514 347 4579 Ad
371 4512 519 4578 eiusdem
542 4515 695 4603 τετράδος
720 4512 974 4599 explicationem
1006 4511 1170 4609 pertinere
1194 4511 1350 4579 videntur

189 4620 397 4711 Androcydis
421 4621 533 4700 verba,
558 4642 644 4706 quae
668 4642 769 4707 supra
791 4660 834 4668 —
853 4642 884 4707 p.
899 4621 950 4685 43.
969 4622 1013 4683 44
1041 4659 1074 4667 —
1098 4621 1166 4686 iam
1190 4621 1285 4686 attuli
1309 4643 1350 4686 ex
