3488 5584
922 441 1142 506 -32..

450 639 717 725 περιρραντήριον
741 635 927 723 ἐμβάπτων
951 639 1025 704 οῦδὲ
1049 638 1085 703 ἐν
1108 640 1274 726 βαλανείῳ
1299 638 1458 726 λούεσθαι
1476 635 1617 724 ’άδηλον

449 747 511 831 γάρ
543 745 578 809 έν
610 753 692 812 ποῖοι
725 743 850 824 τούτοις
884 751 921 844 εἰΙ
946 741 1191 833 καθαρεύουσιν
1226 748 1255 808 οἳ
1291 749 1544 822 κοινωνοῦντες.
1564 754 1618 810 καῖ

450 853 536 918 ἄλλα
553 850 634 919 τάδε
649 875 653 884 ·
668 866 797 942 φορτίον
814 847 858 936 μη
876 859 1125 940 συγκαθαιρεῖν,
1145 843 1183 919 ού
1198 851 1261 937 γάρ
1277 853 1327 917 δεῖ
1342 857 1448 918 αἴτιον
1462 859 1618 935 γίνεσθαι

338 1003 346 1024 ·.
449 959 507 1028 τοῦ
523 961 566 1046 μη
584 976 705 1034 πονεῖν,
727 966 990 1036 συνανατιθέναι
1009 961 1068 1024 δέ·
1087 958 1206 1045 χρυσδν
1229 959 1343 1056 έχούση
1361 957 1404 1046 μη
1426 959 1620 1046 πλησιάζειν

451 1067 506 1132 ε’πὶ
530 1078 716 1156 τεκνοποιίηι
734 1063 849 1152 17)·μη
875 1069 980 1148 λέγειν
1004 1065 1082 1131 άνευ
1106 1066 1209 1150 φωτός
1227 1087 1232 1096 ·
1251 1068 1403 1144 σπένδειν
1433 1083 1498 1144 τοῖς
1529 1073 1620 1142 θεοῖς

450 1175 536 1239 κατά
562 1175 597 1239 τδ
624 1167 678 1251 οῦς
702 1182 757 1259 τῆς
781 1175 916 1252 κύλικος,
941 1171 1055 1238 οἰωνοῦ
1083 1178 1177 1239 ἕνεκα
1202 1181 1258 1239 καῖ
1282 1171 1372 1252 δ’πως
1400 1170 1444 1259 μη
1469 1171 1541 1240 οἷπδ
1567 1179 1621 1238 τοῦ

452 1280 557 1349 αὐτοῦ
574 1294 708 1368 πίνηται
723 1301 728 1312 ’
743 1281 780 1347 έν
798 1283 958 1368 δακτυλίῳ
973 1277 1017 1365 μή
1035 1290 1145 1368 φέρειν
1157 1296 1286 1368 σημεῖον
1298 1287 1382 1348 θεοῦ
1393 1278 1516 1354 εἰκόνα,
1532 1278 1621 1356 δπως

451 1387 494 1475 μη“
519 1401 693 1473 μιαίνηται
712 1409 716 1419 ·
736 1382 871 1471 άγαλμα
896 1384 967 1475 γάρ,
993 1385 1074 1472 δπερ
1098 1388 1149 1452 δεῖ
1169 1391 1330 1468 φυτεῦσαι
1353 1389 1390 1455 ἒν
1413 1391 1458 1477 τῷ
1483 1393 1570 1476 οἴκῳ.
1586 1383 1622 1470 ¹⁸)

557 1511 696 1575 γυναῖκα
728 1493 766 1561 οῦ
790 1493 841 1560 δεῖ
863 1487 990 1560 άδικεῖν
1013 1493 1073 1579 τήν
1103 1496 1213 1569 αὐτοῦ,
1328 1501 1427 1572 ἱκέτις
1457 1493 1546 1583 γάρ’
1573 1489 1621 1559 διδ

453 1613 507 1668 καῖ
532 1593 587 1685 αἷμ’
612 1603 722 1679 ἑστίας
747 1602 914 1686 α’γόμεθα,
939 1611 994 1666 καὶ
1019 1602 1038 1686 ἡ
1063 1602 1165 1690 λῆψις
1189 1599 1243 1666 διά
1262 1598 1432 1688 (lagueum)
1540 1602 1623 1687 wydo?

453 1708 653 1802 άλεκτρύονα
685 1704 798 1775 λευκόν
833 1705 979 1794 (θύειν)·
1090 1713 1196 1794 ἱκέτης
1232 1707 1295 1795 γάρ
1337 1705 1415 1794 (καὶ)
1453 1709 1537 1797 ῖερδς
1568 1714 1624 1774 τοῦ

454 1811 584 1902 Μηνύς,
618 1810 672 1880 διδ
703 1825 757 1880 καῖ
790 1827 999 1901 σημαίνουσιν
1027 1811 1117 1902 δ’ραν
1134 1835 1139 1845 ’
1154 1811 1191 1900 ²⁰)
1223 1826 1278 1880 καῖ
1386 1815 1625 1898 συμβουλεύειν

453 1923 553 2008 μηδὲν
576 1923 669 2011 παρά
695 1917 731 1987 τδ
755 1923 927 1999 βέλτιστον
955 1925 1001 2012 τῷ
1030 1925 1340 2012 συμβουλευομένῳ·
1450 1922 1539 2011 ῖερδν
1563 1918 1625 2010 γάρ

454 2012 641 2114 συμβουλή.
774 2029 910 2111 οἷγαθδν
941 2034 970 2094 οῖ
1005 2027 1112 2103 πόνοι,
1156 2035 1191 2096 αῖ
1226 2031 1262 2096 δὲ
1294 2030 1412 2115 ἡδοναὶ
1442 2027 1475 2094 έκ
1499 2030 1625 2102 παντὸς

455 2137 577 2223 τρόπου
598 2136 722 2203 κακόν·
750 2199 753 2210 ,
815 2137 870 2201 ἐπὶ
886 2133 1014 2203 κολάσει
1030 2136 1093 2224 γάρ
1109 2134 1274 2210 ἐλθόντας
1290 2136 1342 2202 δεῖ
1355 2139 1565 2222 κολασθῆναι
1580 2133 1626 2221 ss)

456 2241 554 2311 θύειν
578 2242 636 2332 χρη
662 2244 872 2330 α’νοπόδητον
895 2254 951 2310 καῖ
975 2244 1056 2332 πρὸς
1078 2243 1120 2309 τοὶ
1145 2245 1215 2333 ἱεροὶ
1241 2255 1434 2330 προσιέναι.
1465 2250 1510 2322 είς
1539 2238 1626 2333 ἱερδν

455 2343 494 2418 οῦ
518 2351 569 2417 δεῖ
590 2351 834 2437 ἐκτρέπεσθαι·
944 2342 980 2418 ού
1012 2348 1074 2439 γάρ
1105 2348 1268 2440 πάρεργον
1300 2352 1350 2416 δεῖ
1373 2354 1546 2418 ποιεῖσθαι
1570 2348 1627 2416 τδν

459 2459 567 2524 θεόν.
659 2459 869 2540 ὑπομένοντα
894 2468 949 2522 καὶ
973 2457 1090 2542 έχοντα
1113 2455 1289 2546 τραύματα
1314 2458 1350 2526 ἕν
1373 2464 1419 2548 τῷ
1435 2457 1627 2548 ἔμπροσθεν

458 2567 648 2650 τελευτῆσαι
674 2565 820 2646 οἷγαθόν,
847 2565 1002 2643 ἐναντίως
1033 2567 1069 2631 δὲ
1099 2565 1270 2632 ἐναντίον
1380 2569 1427 2644 εἰς
1449 2567 1537 2652 μόνα
1562 2571 1628 2632 τοῖν

460 2670 550 2762 ζῳων
575 2673 634 2738 οῦκ
657 2677 835 2760 εἰσέρχεται
862 2663 1045 2760 άνθριύπου
1074 2673 1163 2765 ψυχή
1188 2672 1234 2752 οἷς
1255 2680 1355 2759 θέμις
1371 2673 1440 2739 δ’στῖ
1456 2679 1625 2758 τυθῆναι·

566 2775 625 2845 διολ-
651 2786 745 2847 τοῦτο
778 2785 845 2844 τοῖν
874 2786 1025 2864 θυσίμων
1058 2775 1116 2868 χρη
1141 2778 1266 2848 ἐσθίειν
1287 2777 1399 2866 μόνον,
1439 2777 1499 2866 [οἷς
1523 2777 1569 2846 δν
1591 2781 1626 2846 εδ

459 2889 585 2953 ἐσθίειν
608 2883 751 2983 καθήκη]
763 2882 810 2970 ²¹),
836 2881 937 2952 άλλου
954 2888 989 2952 δὲ
1004 2887 1142 2972 μηδενδς
1159 2887 1258 2976 ζῳου.
1273 2883 1314 2952 τά
1331 2895 1394 2972 μὲν
1414 2879 1472 2955 οῦν
1488 2891 1626 2956 τοιαῦτα

458 3001 525 3060 τοῖν
556 2994 773 3078 οἷκονσμάτων
802 2994 880 3069 ἐστί,
917 2994 958 3058 τοὶ
991 2995 1026 3060 δὲ
1057 2996 1168 3062 πλεῖον
1203 2994 1320 3080 ἔχοντα
1357 3001 1457 3079 μῆκος
1487 3008 1567 3081 περί
1594 3022 1628 3060 τε

459 3107 580 3179 θυσιας
604 3102 684 3167 καθ’
709 3097 862 3176 ἑκάστους
896 3099 969 3180 τοῦς
998 3101 1128 3191 καιρούς
1163 3108 1233 3179 πῶς
1265 3103 1322 3192 χρη
1359 3109 1539 3179 ποιεῖσθαι,
1571 3103 1629 3180 τάς

460 3237 495 3275 τε
519 3204 621 3286 άλλας
644 3205 753 3291 (θεοῖν
776 3206 974 3297 θρησκείας),
1000 3219 1054 3274 καῖ
1072 3220 1145 3298 περῖ
1166 3211 1377 3296 μετοικησεως
1399 3212 1455 3293 τῆς
1471 3210 1629 3278 ἐντεῦθεν

461 3325 516 3380 καῖ
547 3327 621 3405 περὶ
654 3316 714 3394 τοῖς
747 3313 856 3401 ταῳοές
883 3321 954 3393 πῶς
985 3317 1035 3382 δεῖ
1062 3315 1351 3386 καταθάπτεσθαι
1369 3314 1425 3398 ¹²²)
1452 3316 1510 3386 ,ἒπῖ
1533 3317 1629 3384 ἐνίων

461 3432 522 3510 μὲν
545 3416 603 3491 οῦν
626 3424 813 3504 έπιλέγεται
837 3437 872 3489 τί
892 3426 948 3501 δεῖ,
984 3423 1052 3490 οἷον
1085 3419 1136 3490 δτι
1167 3426 1216 3490 δεῖ
1236 3432 1506 3492 τεκνοποιεῖσθαι
1533 3430 1628 3494 ἕνεκα

387 3575 390 3582 ·
461 3531 517 3598 τοῦ
540 3533 737 3598 καταλιπεῖν
768 3536 876 3620 ἕτερον
906 3534 988 3598 ἄνθ’
1018 3536 1142 3598 ἑαυτοῦ
1172 3539 1265 3600 θεοῖν
1294 3530 1530 3621 θεραπευτῆν·
1564 3547 1629 3608 τοῖς

574 3813 605 3883 ¹⁷)
626 3816 660 3869 of.
679 3814 780 3868 Jambl.
801 3830 825 3867 v.
845 3812 877 3872 P.
899 3818 947 3868 187
968 3814 1070 3868 καὶτὸν
1085 3815 1188 3888 χρυσδν
1207 3817 1352 3886 ἐλευθέραν
1370 3817 1509 3888 μηδεμίαν
1529 3819 1630 3886 φορεῖν,

453 3895 549 3978 μόνας
569 3906 597 3957 δὲ
616 3902 661 3964 τάς
681 3905 791 3975 ἑταίρας.

572 3993 603 4063 ¹⁸)
622 3995 694 4064 Quid
713 3995 765 4049 sibi
784 3995 872 4050 velint
890 3996 972 4050 verba
991 3994 1102 4067 ἄγαλμα
1122 3994 1175 4068 γάρ
1194 3998 1249 4050 κτλ.
1269 4013 1323 4051 non
1341 4012 1483 4068 assequor3
1502 3994 1631 4050 videnlur

465 4087 596 4154 quaedam
616 4084 756 4140 excidisse.

572 4173 603 4242 ¹⁹)
621 4199 655 4218 =
674 4175 836 4228 Aristoteles
864 4174 1005 4230 Oeconom.
1027 4181 1050 4243 l,
1070 4181 1093 4228 4.
1113 4193 1138 4243 p.
1161 4180 1228 4229 1344
1247 4193 1271 4230 e.
1291 4181 1315 4230 8.
1342 4177 1376 4232 ef.
1395 4176 1492 4232 Νοτιεῖς
1511 4174 1546 4230 εδ
1564 4174 1590 4228 h.
1610 4174 1628 4226 l.

572 4262 606 4332 ²⁰)
625 4285 658 4312 =
678 4263 840 4317 Aristoteles
859 4281 901 4331 ap.
921 4264 953 4317 L.
964 4264 1000 4322 D.
1011 4265 1096 4335 VIII,
1107 4270 1140 4318 34
1159 4266 1193 4321 of.
1212 4283 1237 4333 p.
1253 4272 1285 4319 25
1296 4283 1334 4333 sq.
1355 4272 1382 4320 et
1398 4265 1495 4319 Nauck
1514 4263 1549 4318 ed
1568 4265 1594 4320 h.
1613 4263 1630 4314 l.

571 4352 605 4421 ²¹)
624 4354 710 4408 Recte
730 4353 858 4407 videntur
875 4353 985 4422 Cobeto,
1005 4356 1107 4409 collect.
1128 4355 1186 4409 orit.
1206 4373 1231 4423 p.
1249 4360 1299 4409 363
1323 4356 1405 4410 verbe
1424 4347 1464 4414 οἷς
1479 4383 1510 4392 -
1525 4349 1630 4421 καθήκῃ

466 4444 499 4498 ob
518 4443 575 4511 ipso
594 4443 757 4511 Jomblioho,
776 4458 810 4496 ne
829 4442 880 4496 sibi
899 4441 951 4510 ipsi
970 4444 1166 4514 obloqueretur,
1185 4445 1346 4512 interposite
1364 4460 1429 4499 esse.

575 4532 609 4600 ²²)
628 4533 662 4586 of.
682 4550 707 4600 p.
728 4539 757 4597 33
780 4549 898 4601 eaquae
917 4540 1075 4603 sequuntur,
1094 4535 1204 4589 laudavi
1223 4535 1278 4588 iam
1296 4552 1322 4602 p.
1344 4540 1384 4589 10.
1407 4539 1448 4590 11.

573 4623 598 4694 ⁸)
614 4623 658 4696 [of.
677 4623 782 4694 uelde,
804 4623 988 4696 Psyche453,
1009 4624 1042 4694 1.]
