3488 5584
904 435 1121 501 -.23-

427 629 519 716 qnod
541 632 640 717 plane
658 632 761 698 alium
778 631 914 718 praebet
937 653 1090 711 sensum;
1116 632 1163 698 sic
1179 633 1282 698 altera
1297 632 1478 699 Jambliohi
1494 631 1596 700 ratio:

427 744 457 806 ol
480 749 542 826 μὲν
565 738 628 830 γάρ
652 764 754 827 φασιν
777 740 828 808 ὅτι
852 743 888 808 orl
913 741 963 806 ὁεῑ
985 741 1044 807 τᾶν
1068 742 1252 824 συνάγοντα
1279 739 1428 809 διαλύειν
1446 763 1452 775 ·
1469 739 1506 808 τό
1531 742 1598 831 γάρ

428 847 567 932 άρχαῐον
589 854 803 938 βαρβαρικοῖς
826 851 947 922 πάντες
971 850 1026 915 λιτὶ
1051 855 1110 916 ἕνα
1134 848 1234 937 άρτον
1259 851 1419 948 συνῄεσαν
1442 855 1471 914 ol
1496 851 1595 934 φίλοι,

427 976 513 1038 qnae
544 955 668 1039 optime
694 977 727 1019 se
758 954 867 1034 habet,
900 954 989 1040 apud
1013 954 1120 1019 Laert.
1149 956 1244 1040 Diog.
1275 955 1363 1020 hano
1393 955 1515 1040 adepta
1545 961 1598 1019 est

427 1061 579 1140 formam,
611 1083 697 1147 qnae
728 1062 786 1126 vix
816 1062 964 1148 intellegi
994 1068 1104 1148 potest
1126 1062 1315 1127 Jamblicho
1345 1063 1511 1148 neglecto:
1544 1063 1597 1130 ὅτι

427 1170 474 1255 λη’
500 1176 558 1236 ἕνα
583 1176 611 1235 ol
635 1170 744 1236 πάλαι
774 1174 839 1236 τοῖν
873 1174 975 1248 φίλων
1002 1171 1148 1255 ἐφοίτων,
1182 1169 1343 1260 καθάπερ
1373 1169 1420 1237 ἔτι
1454 1183 1511 1238 καὶ
1534 1179 1596 1239 νῦν

425 1283 454 1342 ol
477 1275 652 1366 βάρβαροι,
678 1280 759 1365 μηδὲ
776 1280 914 1365 διαιρεῖν
936 1275 972 1358 ὃς
995 1279 1125 1358 συνάγει
1144 1280 1259 1358 αὐτοὺς
1275 1298 1281 1312 ·
1300 1297 1341 1341 ex
1365 1278 1462 1342 tertia
1476 1284 1591 1342 autern

426 1383 831 1468 damblichiicotolcgiaol
855 1387 882 1451 δ’
906 1383 958 1450 ὅτι
976 1385 1014 1451 orl
1039 1386 1090 1451 δεῖ
1112 1384 1228 1452 ολωνόν
1251 1394 1425 1452 ποιεῖσθαι
1448 1394 1597 1454 τοιοῦτον

426 1488 608 1580 α’ρχόμενον
632 1494 845 1574 καταγνάντα
870 1505 924 1559 καὶ
948 1499 1161 1582 συντρίβοντα
1186 1497 1318 1555 exortae
1342 1513 1413 1556 esse
1437 1491 1597 1559 videntur

426 1598 523 1661 tertia
546 1605 578 1662 et
601 1605 722 1683 quarta
737 1598 859 1662 Laertii
877 1599 971 1683 Diog.
991 1606 1020 1665 ot
1045 1601 1079 1666 δὲ
1104 1606 1149 1678 εἰς
1172 1597 1316 1685 πόλεμον
1332 1602 1462 1668 δειλίαν
1478 1617 1593 1666 ποιεῖν,

427 1711 456 1770 ot
481 1707 526 1782 δέ,
559 1707 630 1772 ἐπεὶ
656 1705 724 1772 άπὸ
749 1709 863 1774 τούτου
893 1707 1029 1793 ἄρχεται
1052 1703 1088 1774 cd
1113 1703 1199 1784 ὅλον,
1236 1705 1293 1770 sed
1317 1705 1399 1770 haec
1432 1728 1484 1770 res
1512 1706 1595 1770 dubi

428 1819 492 1889 est;
518 1819 685 1897 postrema
701 1813 791 1877 enim
808 1814 1000 1898 explicatio:
1015 1815 1087 1881 ἐπεὶ
1101 1813 1170 1881 elad
1188 1816 1303 1882 rodaco
1316 1814 1454 1900 ἄρχεται
1468 1816 1502 1880 ro*
1517 1810 1595 1881 ὅλον

427 1919 532 1983 multo
555 1920 674 1984 melius
690 1942 791 2005 quam
816 1920 857 1984 ad
883 1917 983 2010 ἄρτον
1005 1923 1049 2009 μη
1073 1922 1273 2005 καταγνύειν
1296 1921 1439 2006 quadrat
1461 1920 1504 1985 ad
1520 1923 1595 1989 κυά-

425 2055 496 2112 μων
509 2031 705 2111 ἀπέχεσθαι,
724 2028 819 2092 cuius
836 2027 973 2112 quidem
989 2028 1168 2092 acusmatis
1182 2028 1325 2093 similem
1338 2028 1595 2113 explicationem

426 2133 562 2218 praebet
594 2173 634 2180 —-
658 2134 843 2199 secuudum
868 2135 1081 2199 Heraclidem
1104 2135 1282 2200 Ponticum
1311 2136 1351 2199 cl.
1377 2134 1510 2212 Rohde,
1535 2136 1592 2198 Gr.

427 2242 522 2304 Rom.
548 2243 621 2320 254,
651 2243 686 2319 1;
711 2242 817 2306 Zeller
841 2243 865 2320 l,
893 2241 941 2320 1⁵,
968 2243 1042 2315 327,
1068 2241 1116 2306 5*
1142 2281 1183 2288 -
1208 2243 1375 2327 Diogenes
1398 2242 1595 2323 (Antonius)

426 2371 479 2434 ap.
498 2348 630 2434 Lydum
655 2349 695 2414 de
719 2349 859 2414 mensib.
885 2350 943 2428 IV,
962 2351 1003 2413 29
1028 2348 1082 2436 (=
1099 2350 1258 2436 Porphyr.
1278 2372 1309 2416 v.
1328 2351 1365 2414 P.
1382 2351 1440 2416 44:
1467 2350 1594 2434 Hippo-

426 2455 515 2541 lytus
546 2457 604 2520 rel.
636 2457 769 2520 Haeret.
806 2458 832 2534 1,
867 2458 897 2535 2,
924 2457 964 2520 12
996 2456 1046 2520 ed.
1079 2457 1210 2541 Gottg.;
1242 2456 1344 2535 Diels,
1376 2455 1512 2540 doxogr.
1543 2478 1592 2540 gr.

426 2586 456 2648 p.
487 2564 561 2643 145;
599 2564 692 2650 bbll:
730 2566 875 2647 κυάμους
910 2567 946 2631 δὲ
980 2569 1107 2646 λέγεται
1137 2567 1375 2651 παραγγέλλειν
1398 2565 1441 2650 ari
1466 2566 1592 2632 ἐσθίειν

426 2679 518 2763 αἰτίᾳ
543 2672 600 2740 τοῦ
622 2668 680 2739 τόν
698 2669 857 2757 Ζαράταν
873 2679 1036 2762 εἰρηκέναι
1052 2673 1137 2739 κατά
1162 2673 1223 2757 την
1239 2670 1344 2758 άρχην
1360 2684 1415 2738 καὶ
1432 2673 1592 2760 σύγκρισιν

425 2784 492 2845 τῶν
526 2782 665 2846 πάντων
697 2789 931 2867 συνισταμένης
973 2788 1028 2867 τῆς
1067 2787 1124 2866 γῆς
1162 2780 1209 2845 ἔτι
1244 2791 1300 2846 καὶ
1336 2790 1592 2865 σννσεσημμένης

425 2894 584 2969 γενέσθαι
608 2885 665 2953 τὸν
682 2888 809 2968 κύαμον
825 2889 918 2953 κτλ·
944 2908 1047 2972 quare
1071 2873 1210 2950 fortasse
1232 2886 1315 2950 hacc
1338 2886 1421 2950 ratio
1445 2892 1593 2970 transpo-

425 2992 537 3056 nenda
561 3001 610 3057 est
633 2992 676 3057 ad
699 2991 833 3078 κυάμων
856 2997 1053 3080 αἰτέχεσάαι.

531 3100 584 3163 Ad
603 3101 714 3185 ipsum
726 3122 806 3165 vero
818 3100 1029 3166 Aristotelem
1045 3100 1151 3166 redire
1165 3100 1299 3167 videtur
1308 3100 1471 3165 sermonis
1481 3101 1591 3164 incon-

425 3207 577 3284 cinnitas
614 3229 700 3292 quae
735 3209 878 3272 occurrit
913 3209 947 3271 in
977 3209 1197 3293 explicatione
1240 3208 1420 3272 acusmatis
1459 3210 1593 3294 κυάμων

426 3315 626 3395 ἀπέχεσθαι,
664 3337 745 3378 nam
776 3337 905 3393 causae,
939 3336 998 3379 cur
1021 3316 1228 3401 Pythagoras
1252 3315 1337 3380 labis
1362 3314 1499 3386 odendis
1523 3314 1592 3379 abs·

425 3421 600 3485 tinendum
637 3444 707 3486 esse
737 3422 890 3518 iusserit,
927 3423 1022 3486 initio
1059 3425 1273 3507 proferuntur
1296 3421 1417 3507 plurali
1452 3443 1591 3486 numero

424 3528 494 3615 ἤτοι
525 3528 575 3596 ὅτι
604 3532 741 3607 αἰδοίοις
766 3535 850 3597 εἰσὶν
878 3527 982 3616 ὅμοιοι
1005 3530 1026 3618 η’
1050 3530 1100 3597 ὅτι
1118 3527 1231 3597 ‘'Ardoo
1264 3528 1403 3604 πάλαις·
1428 3528 1592 3612 υλγόνατον

424 3635 486 3723 γάρ
516 3635 629 3721 μόνον,
664 3635 784 3700 deinde
815 3636 898 3700 aliae
927 3636 1098 3701 adduntur
1131 3637 1291 3721 singulari
1322 3657 1462 3700 numero
1497 3635 1591 3725 ηὸτι

425 3752 553 3831 φθείρει
583 3741 604 3830 ἢ
636 3740 684 3809 ὅτι
716 3744 755 3838 τῇ
782 3749 840 3812 τοῦ
873 3743 951 3812 iidoc
980 3747 1073 3831 φύσει
1107 3744 1215 3830 ὅμοιός
1238 3743 1259 3831 ἢ
1283 3740 1333 3811 ὅτι
1359 3743 1590 3833 ὀλιγαρχικόν·

425 3854 621 3939 κληροῦνται
645 3857 724 3934 γοῦν
749 3854 858 3930 αὐτοῖς
878 3874 883 3883 ·
909 3851 1094 3936 explicatur
1117 3851 1207 3916 enim
1230 3851 1313 3915 haec
1337 3852 1464 3915 formae
1489 3851 1591 3918 diver-

426 3958 505 4022 sitas
529 3959 720 4042 argumenti
742 3957 942 4035 diversitate,
968 3979 1045 4022 cum
1062 3959 1299 4044 explicationes
1316 3957 1436 4043 plurali
1452 3980 1591 4023 numero

424 4065 552 4142 allatae,
570 4065 725 4150 quamvis
739 4086 853 4129 veram
866 4066 1045 4130 acusmatis
1061 4065 1224 4150 originem
1237 4065 1426 4150 religiosam
1439 4086 1508 4130 non
1520 4088 1591 4151 ape-

425 4173 521 4249 riant,
552 4179 664 4236 tamen
701 4193 774 4236 eam
808 4172 986 4236 ostendant
1012 4173 1252 4258 interpretandi
1280 4172 1454 4250 rationem,
1490 4195 1591 4258 quam

424 4301 536 4344 veram
573 4301 643 4343 esse
677 4279 833 4356 vidinms,
867 4301 924 4343 eae
952 4287 1074 4358 autem,
1111 4301 1197 4364 quae
1221 4279 1318 4364 quasi
1351 4301 1411 4364 per
1445 4286 1590 4344 saturam

424 4386 584 4470 singulari
608 4407 748 4450 numero
773 4386 948 4461 addantur,
981 4387 1156 4471 allegorica
1186 4393 1324 4451 utantur
1352 4386 1591 4472 interpretandi

424 4494 550 4558 ratione
587 4515 791 4578 sensumque
829 4515 869 4558 cx
904 4495 1084 4560 acusmatis
1114 4494 1247 4559 eliciant
1276 4494 1460 4580 apristina
1495 4494 1591 4580 signi-

505 4606 677 4705 ’fiands
698 4637 804 4705 Psyche
823 4641 884 4708 454,
905 4639 939 4706 2.]
