3488 5584
894 471 1112 534 -48-

427 657 502 729 Joh.
528 663 705 750 Philoponi
740 666 978 731 commentario
1014 665 1056 729 ad
1080 665 1274 730 Nicomachi
1309 665 1429 731 introd.
1460 667 1597 731 arithm.

432 777 464 835 et
488 793 527 834 ex
552 772 625 857 ipso
649 771 861 851 Nicomacho,
886 772 1005 837 introd.
1030 773 1162 838 arithm.
1190 776 1217 852 1,
1242 775 1273 852 3,
1297 774 1326 839 3.

993 969 1015 1032 4

535 1092 751 1176 Theologum.
770 1092 945 1158 Anthmet.
971 1092 1020 1157 ed.
1046 1092 1108 1158 Ast
1129 1115 1161 1179 p.
1187 1093 1246 1158 40:
1271 1093 1359 1160 Ἐπεὶ
1383 1097 1418 1162 δὲ
1441 1097 1510 1162 α’πδ
1535 1104 1597 1164 τοῦ

429 1201 477 1265 σι’
501 1197 550 1284 (d)
575 1198 674 1279 κύβος
697 1202 777 1266 σαντ’
799 1213 933 1283 γίνεται,
958 1196 977 1267 δ
1000 1203 1056 1267 ἐπὶ
1080 1201 1280 1287 ἑπταμήνοον
1310 1214 1449 1286 γονίμων
1471 1203 1593 1290 χρόνος,

431 1309 915 1395 συναριθμουμένοινταῑςἑπτά
927 1314 994 1375 τῶν
1002 1313 1038 1384 ἓξ
1047 1311 1186 1397 ἡμερῶν,
1197 1308 1234 1372 ἐν
1242 1307 1293 1386 αἶς
1302 1309 1460 1394 αἠιροῦται
1468 1320 1521 1375 καὶ
1537 1305 1594 1375 διά

388 1477 392 1488 ,
430 1410 539 1498 ηάσιις
550 1424 733 1498 σπέρματος
744 1412 907 1499 λαμβάνει
925 1413 961 1479 οδ
974 1424 1115 1502 σιτίρμα,
1128 1414 1342 1503 Ἀνδροκύδης
1356 1416 1393 1480 δὲ
1409 1417 1427 1477 δ
1440 1421 1594 1498 Πυθαγο·

428 1520 515 1606 ρικδς
529 1522 545 1584 δ
557 1531 630 1605 περὶ
644 1527 710 1586 τῶν
723 1522 893 1605 συμβόλων
904 1522 1040 1612 γράψας
1053 1532 1108 1586 καὶ
1122 1519 1321 1605 Εὐβουλίδης
1334 1519 1351 1586 o‘
1363 1523 1596 1612 Πυθαγορικὰς

432 1636 487 1691 καὶ
501 1627 714 1715 Αριστόξενος
725 1639 780 1692 καὶ
790 1622 986 1706 Ἱππόβοτος
997 1639 1053 1694 καὶ
1067 1628 1234 1714 Νεάνθης,
1254 1624 1381 1693 οΐκατά
1404 1626 1462 1695 adv
1484 1623 1593 1715 ἄνδρα

304 1787 310 1798 ,
430 1729 491 1820 γρά
497 1748 628 1818 ψανιις,
644 1730 724 1798 σισο’
736 1733 819 1798 ἔτεσι
827 1735 887 1812 τάς
898 1760 998 1817 persp
1004 1731 1164 1825 ψυχάσοις
1176 1732 1235 1812 τάς
1248 1736 1340 1824 ariani
1352 1738 1595 1821 συμβεβηκυίας

429 1837 556 1918 δφασαν
578 1850 747 1921 γεγονέναι
766 1861 772 1871 ·
790 1841 871 1925 μετά
901 1849 1042 1908 τοσαῦτα
1076 1845 1156 1923 γοῦν
1183 1839 1235 1924 δ’τη
1265 1847 1309 1916 εἰς
1340 1844 1596 1926 παλιγγενεσίαν

429 1943 541 2012 ἔλθιῑν
575 1944 785 2035 Πυθαγόραν
823 1958 879 2013 καὶ
913 1949 1079 2034 α’ναζῆσαι
1103 1950 1222 2014 denval
1255 1949 1339 2033 μετά
1371 1946 1432 2034 την
1464 1949 1596 2036 πρώτην

429 2051 655 2119 α’νακάκλωσιν
678 2064 734 2119 καὶ
752 2053 915 2119 ἐπάνοδον
940 2053 996 2121 τοῦ
1020 2053 1088 2120 eino*
1112 2061 1172 2120 rori
1188 2059 1225 2132 ἓξ
1242 2054 1458 2144 ψυχογονικοῦ
1481 2057 1594 2135 κύβου,

430 2159 487 2225 τοῦ
521 2161 657 2226 δἀὐτοῦ
688 2172 744 2226 καῖ
779 2153 1088 2228 άποκαοαστατικοῦ
1119 2160 1174 2227 διά
1205 2163 1242 2227 τδ
1271 2163 1453 2247 σφαιρικόν,
1487 2158 1529 2240 aig
1558 2164 1597 2228 δὲ

430 2278 484 2333 καὶ
501 2266 581 2332 ἄλλο
599 2268 654 2333 διοέ
671 2268 793 2334 τούτων
810 2266 971 2354 οἷνάζηοιν
988 2268 1098 2352 ἴσχεν
1115 2274 1302 2352 sequuntur
1317 2289 1404 2353 quae
1415 2273 1597 2332 narrantur

431 2372 471 2436 de
494 2371 676 2456 Euphorbo
701 2380 760 2438 etc.
786 2374 825 2438 of.
851 2374 886 2437 L.
914 2374 953 2436 D.
979 2373 1071 2451 VIII,
1095 2376 1116 2438 h
1140 2381 1173 2438 et
1195 2374 1396 2459 saepissime.

427 2529 432 2540 ,
537 2479 616 2563 agit
638 2479 740 2564 igitur
754 2479 972 2566 Androcydes
996 2481 1101 2545 etiam·
1116 2481 1156 2545 de
1173 2481 1371 2565 migratione
1387 2481 1595 2560 animarum

431 2607 471 2650 ex
495 2592 670 2650 auctorum
695 2587 787 2665 serie,
813 2587 871 2672 qui
895 2587 1088 2671 Androcydi
1118 2587 1298 2666 adduntur,
1323 2588 1381 2654 vix
1411 2588 1597 2673 quicquam

431 2691 628 2757 concludere
661 2715 840 2778 possumus
864 2693 904 2758 de
934 2694 1093 2774 fontibus,
1127 2694 1250 2779 quibus
1273 2694 1491 2780 Androcydes
1515 2715 1598 2759 usus

432 2800 481 2863 sit.
574 2801 613 2863 cl.
639 2800 677 2864 E.
710 2800 837 2879 Rohde,
870 2801 955 2865 Mus.
987 2802 1094 2866 llhen.
1127 2823 1203 2868 nov.
1229 2823 1290 2866 ser.
1315 2802 1493 2887 XXVI‘p.
1519 2803 1597 2866 558.

998 3124 1028 3187 5.

540 3266 696 3351 Symbola
715 3265 936 3351 Pythagorica
951 3265 1143 3352 Androcydi
1160 3266 1281 3330 diserte
1297 3264 1490 3330 tribuuntur
1506 3263 1600 3350 apud

434 3374 542 3438 solum
565 3373 781 3459 Tryphonem
810 3379 842 3437 el
871 3371 1196 3459 paroemiographos,
1226 3373 1284 3438 sed
1306 3372 1418 3458 plures
1446 3377 1599 3437 auctores

434 3479 525 3544 haud
549 3479 649 3545 dubie
672 3478 716 3543 ad
731 3479 967 3565 Androcydem
991 3479 1140 3555 redeunt,
1158 3486 1195 3544 ut
1218 3479 1330 3544 statim
1353 3477 1480 3564 patebit
1503 3477 1599 3543 colla-

434 3587 476 3651 tis
511 3586 670 3672 symbolis
694 3608 720 3651 e.
745 3609 792 3672 gr.
818 3609 838 3652 a
860 3587 912 3652 Ps.
930 3587 1108 3652 Plutarcho
1132 3587 1173 3651 de
1197 3586 1325 3651 educat.
1350 3607 1480 3671 pueror.
1498 3606 1525 3650 c.
1546 3587 1597 3664 17,

435 3716 461 3758 a.
488 3694 524 3758 L.
539 3695 578 3757 D.
598 3693 688 3771 VIII,
718 3695 766 3758 17.
806 3694 1065 3780 8,aPorphyrio
1090 3717 1119 3759 v.
1146 3695 1181 3758 P.
1199 3695 1252 3773 42,
1277 3693 1350 3758 aliis
1373 3692 1503 3757 traditis
1519 3714 1598 3756 cum

436 3800 594 3886 symbolis
627 3799 820 3886 Androcydi
851 3802 1051 3866 nominatim
1083 3801 1223 3866 tributis.
1283 3800 1428 3866 Tabulas
1455 3800 1598 3864 enimsi

436 3908 688 3986 examinaveris
713 3930 797 3993 quas
825 3909 888 3973 hoc
912 3909 1048 3973 consilio
1077 3908 1214 3982 conieci,
1239 3929 1337 3992 saepe
1366 3906 1495 3973 videbis
1523 3907 1599 3992 ipsa

436 4015 546 4093 verba,
564 4036 695 4099 semper
718 4022 830 4080 autem
854 4015 1042 4100 explicandi
1060 4015 1222 4080 rationem
1245 4015 1332 4079 inter
1355 4035 1597 4098 secongruere,

436 4123 542 4186 itaut
573 4121 656 4186 haec
685 4123 797 4187 onmia
828 4145 868 4187 ex
892 4121 1101 4207 Androcydis
1132 4121 1172 4186 de
1197 4144 1220 4186 a.
1246 4121 1281 4186 P.
1306 4122 1389 4186 libro
1422 4121 1598 4207 provenire

436 4251 505 4294 non
529 4230 571 4294 sii
594 4228 744 4293 dubium.
