3488 5584
915 429 1131 494 ,13-

440 625 556 702 11.-,
576 625 740 710 σύμβολον
764 623 803 703 ei,
828 624 887 709 qui
902 623 1032 703 ἔξωθεν
1054 627 1321 713 ἐπισοφιζόμενος
1338 629 1540 716 προσάπτειν
1565 635 1604 694 εἰ·

436 732 517 796 ιιότα
541 729 638 811 λόγον
662 731 878 816 explicatius
902 732 939 800 cri
964 735 1014 799 δεῖ
1035 730 1093 801 τὸν
1117 735 1300 814 συνάγοντα
1325 733 1474 803 διαλύειν
1496 739 1562 804 καλ.

545 837 668 902 Veram
693 837 783 902 enim
807 837 972 903 dictorum
988 839 1284 924 Pythagoricorum
1311 840 1474 926 originem
1497 841 1603 926 religi-

437 963 530 1007 osam
547 950 579 1008 et
602 944 865 1030 superstitiosam
892 946 921 1010 is
947 946 1036 1011 solus
1059 946 1237 1032 perspexit,
1262 947 1322 1032 qui
1345 946 1539 1036 ἀκούσματα
1565 970 1605 1013 ea

436 1051 580 1129 vocavit;
614 1051 866 1136 profundiorem
898 1053 1069 1138 quendam
1111 1060 1143 1118 et
1173 1075 1194 1118 a
1223 1075 1302 1120 vera
1342 1075 1458 1119 eorum
1490 1055 1603 1135 indole

436 1157 679 1222 alienissimum
703 1179 840 1222 sensum
864 1181 942 1225 cum
966 1161 1012 1224 eis
1036 1161 1212 1226 coniunxit
1234 1161 1273 1239 is,
1291 1162 1350 1246 qui
1366 1164 1530 1249 συμβόλου
1546 1185 1604 1227 no-

435 1264 562 1328 tionem
595 1265 641 1329 cis
664 1265 856 1332 vindicavit.
904 1267 1032 1332 Eadem
1061 1274 1175 1332 autem
1206 1269 1333 1333 ratione
1362 1269 1402 1334 de
1433 1269 1506 1334 aliis
1535 1270 1603 1334 illis

435 1370 573 1446 vocibus
608 1371 825 1437 iudicandmn
861 1379 919 1450 est,
955 1374 1078 1458 quibus
1102 1374 1184 1439 haec
1211 1383 1388 1461 praecepta
1421 1381 1601 1455 notantur;

434 1479 662 1562 aenigmatum
687 1480 778 1544 enim
801 1502 925 1546 nomen
949 1482 1008 1567 qui
1029 1483 1159 1567 primus
1183 1481 1224 1546 ad
1249 1489 1421 1548 acusmata
1436 1483 1601 1562 adhibuit,

435 1585 581 1670 privavit
613 1607 660 1665 ea,
692 1586 797 1651 solam
826 1588 1084 1673 aenigmaticam
1108 1590 1251 1653 lormam
1284 1589 1475 1679 observans,
1507 1590 1602 1656 omni

433 1693 654 1778 Pythagorico
677 1694 774 1778 quasi
797 1694 921 1774 colore;
947 1703 1026 1760 tunc
1051 1701 1313 1787 παραγγέλματα
1339 1699 1367 1762 si
1382 1696 1600 1776 vocabantur,

434 1800 594 1864 transiere
625 1799 667 1864 ad
691 1822 784 1866 mera
810 1809 988 1887 praecepta
1011 1803 1128 1882 ethica,
1159 1800 1200 1870 τά
1224 1806 1262 1873 ἐν
1284 1807 1478 1894 ἀπορρήτοις
1510 1804 1600 1870 deni-

433 1927 499 1991 que
522 1907 592 1974 sive
615 1904 658 1975 τοὶ
681 1909 718 1976 ἐν
740 1907 831 1978 πάνυ
855 1908 1049 1999 ἀπορρήτοις
1071 1931 1091 1974 a
1114 1909 1237 1975 talibus
1257 1910 1521 1997 appellabantur,
1539 1912 1600 1998 qui

433 2035 471 2078 aa
495 2015 592 2098 quasi
609 2014 755 2099 Orphica
776 2015 942 2101 quaedam
966 2023 1142 2102 praecepta
1165 2018 1330 2103 pertinere
1353 2018 1533 2085 voluerunt
1555 2019 1600 2084 ad

431 2141 554 2186 aroana
570 2121 737 2206 quaedam
760 2129 792 2188 et
807 2121 1002 2188 abscondita
1016 2124 1251 2210 mysteriorum
1269 2145 1370 2190 sacra.
1408 2125 1599 2192 Teneamus

431 2229 532 2314 igitur
555 2249 671 2294 veram
694 2250 810 2294 eorum
832 2236 989 2294 naturam
1012 2230 1183 2296 neminem
1202 2233 1419 2318 perspexisse,
1449 2232 1514 2298 nisi
1538 2234 1598 2319 qui

431 2341 603 2400 acusmata
631 2357 669 2402 ea
699 2337 895 2404 nominavit.
944 2338 1088 2414 Quando
1116 2359 1195 2406 vero
1227 2347 1300 2404 orta
1323 2340 1365 2404 sit
1392 2339 1477 2405 talsa
1506 2361 1597 2406 acus-

431 2449 521 2507 mata
544 2443 784 2528 interpretandi
805 2444 898 2524 ratio,
923 2444 981 2512 vix
1009 2445 1185 2510 decernere
1216 2467 1411 2531 possumus;
1443 2447 1599 2513 cohaeret

430 2550 522 2635 origo
561 2551 739 2614 nominum
776 2551 909 2616 illorum
948 2551 1040 2617 haud
1075 2551 1175 2620 dubie
1210 2573 1288 2618 cum
1325 2560 1455 2620 mutata
1492 2555 1595 2620 totius

428 2656 693 2741 Pythagoreismi
725 2663 854 2738 natura,
884 2658 943 2744 qui
971 2679 1012 2724 ex
1041 2659 1195 2724 societate
1224 2659 1378 2746 religiosa
1404 2662 1512 2726 factus
1545 2668 1596 2726 est

428 2771 517 2828 secta
532 2763 772 2849 philosophica.
814 2764 846 2829 Is
869 2772 992 2844 autem,
1006 2766 1065 2850 qui
1088 2766 1218 2851 primus
1233 2773 1406 2852 tantopere
1429 2767 1472 2832 ab
1487 2768 1593 2854 ipsius

427 2870 635 2956 Pythagorae
667 2871 816 2956 vestigiis
846 2873 991 2960 secessit,
1023 2872 1194 2938 Philolaus
1224 2873 1327 2938 luisse
1358 2873 1500 2954 videtur,
1535 2875 1594 2960 qui

427 2978 555 3062 primus
580 2977 620 3041 de
648 2977 860 3064 philosophia
882 2979 1104 3064 Pythagorica
1135 2979 1236 3044 libros
1267 2981 1481 3066 conscripsit;
1513 3003 1593 3046 nam

427 3083 514 3148 lianc
545 3083 589 3148 ad
621 3106 692 3148 rem
715 3092 863 3170 spectare
886 3085 1044 3152 videntur
1074 3086 1176 3152 verba
1208 3087 1434 3167 infestissima,
1469 3089 1592 3174 quibus

375 3269 378 3275 Ι
425 3189 618 3262 Aristoxeni
641 3198 792 3256 auctores
814 3193 850 3256 in
875 3214 953 3257 eum
975 3193 1183 3258 invehuntur
1209 3233 1248 3240 -
1276 3195 1316 3260 cf.
1342 3195 1443 3274 Diels,
1466 3195 1593 3261 Archiv

426 3297 485 3376 ΙΙΙ,
509 3298 573 3363 461
605 3305 673 3363 not.
699 3299 741 3363 26
755 3299 924 3384 —Neque
948 3321 1026 3365 vero
1056 3299 1122 3386 ipsi
1152 3299 1344 3366 Aristoxeni
1376 3307 1527 3367 auctores
1550 3341 1594 3350 -

426 3405 466 3469 cf.
492 3405 622 3490 Menag.
648 3404 692 3470 ad
714 3406 750 3470 L.
764 3406 805 3471 D.
831 3405 922 3485 VHI,
947 3408 990 3472 45
1014 3405 1067 3494 (ΙΙ,
1081 3408 1145 3470 342
1169 3407 1324 3495 Hiibner)
1340 3447 1393 3487 —,
1411 3409 1470 3494 qui
1486 3409 1592 3473 Philo-

426 3511 518 3576 laum
547 3512 734 3597 arguebant
760 3513 880 3578 falsam
908 3501 1119 3599 Pythagorae
1148 3516 1363 3600 supposuisse
1396 3514 1591 3594 doctrinam,

426 3641 554 3684 meram
578 3621 648 3684 eius
665 3619 851 3686 doctrinam
876 3620 1062 3700 servabant,
1080 3622 1236 3706 quamvis
1259 3623 1365 3707 ipsius
1383 3623 1591 3708 Pythagorae

425 3728 566 3811 vestigia
589 3749 624 3792 se
647 3749 797 3813 premere
821 3727 1072 3807 contenderent3
1102 3750 1182 3794 nam
1212 3751 1251 3794 ea
1280 3729 1449 3795 doctrinae
1473 3731 1591 3816 Pytha-

425 3835 556 3918 goricae
590 3835 711 3920 imago,
748 3856 851 3920 quam
883 3835 1039 3902 describit
1061 3836 1291 3916 Aristoxenus,
1323 3859 1357 3902 re
1386 3859 1466 3903 vera
1493 3838 1591 3923 plane

426 3941 526 4006 distat
556 3964 577 4007 a
610 3942 786 4028 principali
819 3943 984 4009 societatis
1012 3943 1254 4029 Pythagoricae
1289 3945 1413 4025 lorma;
1449 3966 1519 4010 non
1549 3943 1592 4010 ad

425 4048 565 4114 deorum
594 4049 722 4114 cultum
745 4049 792 4114 ibi
816 4056 848 4114 et
870 4050 1025 4135 religiosa
1049 4050 1217 4136 quaedam
1240 4051 1398 4138 dogmata
1420 4059 1489 4118 tota
1504 4053 1591 4119 vitae

425 4155 596 4241 degendae
619 4157 703 4222 ratio
727 4157 917 4243 adaptatur,
943 4157 1001 4222 sed
1025 4180 1157 4223 summa
1181 4159 1303 4244 agendi
1332 4159 1385 4224 lex
1417 4159 1592 4225 deducitur

425 4284 466 4328 ex
497 4264 632 4329 notione
668 4264 781 4350 aliqua
815 4265 1043 4350 praeiudicata
1073 4271 1106 4330 et
1135 4265 1366 4352 philosophica
1393 4266 1591 4352 cogitatione

425 4371 603 4455 acquisita;
639 4371 721 4436 haec
757 4393 836 4436 vero
873 4373 965 4437 notio
997 4378 1047 4437 cst
1077 4375 1229 4460 ἁρμονία,
1259 4379 1297 4437 ut
1330 4372 1591 4439 luculentissime

425 4476 537 4543 evadit
582 4499 623 4542 ex
669 4478 951 4565 apophthegmata
998 4478 1054 4543 illo
1101 4478 1275 4544 notissimo
1325 4519 1352 4527 -
1388 4480 1423 4544 C.
1461 4480 1589 4561 Mtiller,

424 4583 544 4656 FHGr.
562 4584 603 4649 ΙΙ.
622 4585 719 4666 269,8
737 4624 779 4632 -
795 4589 1014 4671 φυγαδευιέον
1037 4589 1128 4687 πάσῃ
1144 4586 1275 4690 μηχανῇ
1298 4600 1354 4656 καῖ
1378 4600 1592 4682 περικοπτέον
