3488 5584
890 373 1110 439 ..42-

419 567 564 636 Solensis
587 592 638 657 ap.
653 570 774 637 Athen.
800 570 925 650 Viaca
946 565 1125 654 Kaibel'll:
1150 570 1360 661 Ἀνδροκύδης
1384 571 1411 638 δ’
1436 565 1583 660 ὅίατρός

419 679 505 762 ἔλεγε
518 679 578 768 τήν
589 683 763 746 κολακείαν
775 680 861 765 ἔχειν
873 677 932 766 τήν
948 680 1137 764 ἐπωνυμίαν
1152 677 1221 745 α’πό
1236 684 1295 747 τοῦ
1310 681 1582 761 προσκολλᾶσθαι

406 769 492 863 Ιταῖς
517 781 668 871 ὅμιλίαις.
716 785 811 850 Vixit
833 786 936 870 igitur
951 784 1167 870 Androcydes
1183 783 1333 849 medicus
1356 791 1454 849 ante
1477 784 1582 848 Theo-

323 895 327 904 '
421 892 598 977 phrastum
628 899 660 957 et
683 891 881 957 Clearchum
905 931 948 939 —
970 913 1050 956 uam
1074 891 1269 956 demortuo
1293 890 1358 956 dici
1381 891 1582 976 Androcyde

423 999 574 1084 sequitur
597 1020 638 1063 ex
661 998 788 1064 ratione
822 1020 890 1083 qua
923 999 1096 1066 laudatur:
1121 997 1350 1086 κατεχρήσατο,
1374 997 1461 1082 ἔλεγε
1485 1036 1526 1044 -
1550 1004 1583 1062 et

420 1106 495 1191 egit,
521 1112 559 1170 ut
584 1105 726 1184 videtur,
751 1105 792 1170 de
815 1106 1072 1191 intemperantia
1095 1111 1127 1170 et
1150 1105 1191 1170 de
1214 1104 1601 1184 11111661166611111111161

373 1278 376 1284 ,
420 1213 528 1298 deque
552 1212 716 1290 remediis,
742 1212 864 1298 quibus
882 1213 992 1278 sanari
1009 1218 1145 1298 possent
1159 1213 1311 1277 homines
1328 1212 1548 1277 immoderati.
1558 1209 1582 1298 8)

526 1319 579 1385 Ad
592 1318 737 1384 eundem
749 1320 985 1405 Androcydem
1001 1319 1169 1386 medicum
1185 1319 1353 1404 pertinent
1366 1318 1581 1396 hauddubie,

419 1449 506 1512 quae
528 1427 657 1491 Plinius
682 1428 789 1505 refert,
819 1434 886 1492 nat.
911 1427 986 1492 hist.
1014 1427 1064 1504 14,
1088 1427 1119 1504 5,
1143 1427 1185 1490 58
1209 1425 1261 1512 (ll,
1286 1449 1318 1512 p.
1343 1427 1406 1491 361
1432 1426 1481 1491 ed.
1505 1427 1582 1492 1611-

420 1533 597 1620 Maphoffl:
624 1534 724 1612 „vino
747 1539 868 1598 natura
891 1540 940 1599 est
962 1533 1081 1598 hausto
1105 1532 1308 1598 accendendi
1322 1527 1432 1598 ¹calore
1455 1533 1583 1598 viscera

419 1641 520 1719 intus,
544 1641 624 1705 loris
647 1641 779 1706 infusus
803 1640 1027 1726 refrigerandi.
1054 1661 1115 1705 nec
1139 1641 1286 1705 alienum
1318 1640 1419 1705 fuerit
1442 1661 1582 1705 comme-

420 1769 548 1812 morare
593 1748 719 1812 hocin
757 1748 839 1826 loco,
888 1747 979 1832 quod
1012 1746 1310 1832 Androcydes
1346 1747 1583 1832 sapientia

420 1854 574 1920 clarus
609 1854 661 1918 ad
690 1853 998 1919 Alexandrum
1030 1855 1237 1939 Magnum
1272 1854 1484 1940 scripsit,
1517 1854 1581 1918 in·

420 1961 775 2047 temperantiam
795 1961 892 2026 eius
913 1960 1151 2026 cohibens:
1180 1960 1581 2045 »Vinumpoturus

420 2067 1388 2152 rex,mementobiberesanguinemterrae.
1423 2068 1583 2132 Cicuta

420 2175 619 2240 hominis
647 2196 871 2241 venenum
901 2182 985 2252 est,
1011 2175 1190 2240 cicutae
1218 2175 1402 2240 vinum«
1452 2174 1582 2252 Quibus

421 2282 607 2368 praeceptis
630 2281 684 2346 1116
708 2281 736 2346 61
759 2281 1063 2375 obtemperavisset,
1094 2282 1240 2366 prolecto
1268 2282 1392 2348 amicos
1416 2282 1451 2346 in
1481 2289 1583 2346 temu-

424 2389 526 2454 lentia
560 2410 629 2453 non
664 2388 894 2466 interemisset,
926 2410 1061 2474 prorsus
1091 2396 1129 2452 ut
1151 2389 1223 2453 iure
1253 2388 1318 2453 dici
1341 2389 1446 2474 possit
1474 2409 1584 2473 neque

420 2496 550 2563 viribus
575 2495 720 2581 corporis
743 2495 856 2559 utilius
868 2495 959 2559 aliud
980 2516 1090 2580 neque
1112 2495 1339 2580 voluptatibus
1356 2495 1583 2582 perniciosius

421 2605 450 2668 si
475 2602 595 2667 modus
618 2601 735 2667 absit.“
765 2601 1067 2667 Circumferebatur
1089 2603 1191 2687 igitur
1206 2603 1305 2667 Plinii
1320 2601 1526 2688 temporibus
1542 2642 1585 2650 -

313 2782 316 2788 ,
420 2731 499 2774 nam
520 2713 568 2774 ¹ex
599 2730 632 2773 se
661 2709 733 2794 ipso
749 2703 896 2810 'videtur
926 2709 1008 2774 haec
1040 2709 1161 2774 addere
1185 2708 1324 2788 Plinius,
1356 2732 1425 2773 non
1449 2710 1513 2774 alio
1544 2715 1585 2774 e'x

423 2824 556 2882 auctore
573 2816 705 2880 haurire
723 2853 764 2861 -
781 2815 920 2900 epistola
936 2816 1111 2902 quaedam,
1129 2816 1171 2882 ab
1183 2816 1383 2902 Androcyde
1401 2816 1585 2902 „sapientia

422 2925 530 2992 61616ιι
560 2923 601 2987 ad
634 2922 864 2987 Alexandrum
895 2924 1057 3008 Magnum
1087 2923 1199 3001 missa,
1231 2945 1298 3008 qua
1328 2923 1586 3008 intemperantia

421 3031 509 3116 regis
533 3028 785 3116 vituperabatur
815 3036 847 3094 et
870 3029 1016 3095 remedia
1040 3031 1068 3095 61
1097 3029 1331 3108 offerebantur,
1357 3031 1480 3116 quibus
1504 3031 1586 3096 vitia

422 3160 465 3204 ex
488 3137 628 3221 largiore
652 3136 723 3201 vini
743 3158 807 3200 usu
842 3136 985 3201 oriunda
1015 3137 1125 3202 sanari
1159 3137 1295 3223 possint.
1344 3137 1447 3202 Vides
1483 3159 1584 3222 quarn

422 3250 574 3310 accurate
590 3243 690 3307 huius
715 3243 872 3328 epistolae
888 3251 1124 3328 argumentum
1145 3250 1307 3329 congruat
1324 3265 1401 3309 cum
1425 3245 1481 3319 eis,
1500 3266 1585 3329 quae

422 3374 463 3417 ex
489 3349 688 3436 Androcyde
712 3349 840 3414 medico
870 3350 1119 3437 Theophrastus
1149 3357 1182 3416 et
1211 3351 1389 3416 Clearchus
1424 3353 1583 3430 afferunt3

333 3457 337 3466 '
422 3479 525 3544 quare
554 3456 733 3543 probabilis
756 3457 840 3522 mihi
873 3480 943 3523 esse
967 3458 1099 3523 videtur
1126 3458 1316 3524 coniectura
1338 3458 1584 3544 Androcydem,

422 3588 524 3651 quem
547 3571 644 3630 vocat
660 3564 788 3629 Plinius
811 3565 974 3651 sapientia
990 3566 1127 3644 clarum,
1145 3565 1244 3630 Plinii
1261 3566 1425 3630 sententia
1441 3565 1585 3630 eundem

423 3673 526 3736 luisse
562 3678 662 3756 atquc
691 3670 926 3757 Androcydem
960 3672 1138 3751 medicum,
1175 3673 1233 3757 qui
1256 3671 1438 3738 Alexandri
1471 3673 1586 3757 Magni

423 3779 572 3865 aequalis
596 3785 674 3842 erat.
722 3778 898 3864 Scripsisse
922 3787 1034 3845 autem
1058 3780 1163 3864 ipsius
1188 3778 1369 3844 Alexandri
1397 3779 1484 3864 regis
1507 3785 1586 3844 tem·

424 3886 561 3971 poribus
578 3892 746 3950 auctorem
764 3907 970 3971 quemquam
994 3887 1073 3952 talia
1095 3892 1271 3972 praecepta
1294 3886 1337 3950 ad
1352 3907 1474 3971 regem,
1491 3887 1587 3952 ouius

424 3992 464 4058 de
488 3993 661 4058 iracundia
679 3998 727 4057 tot
750 3999 882 4058 exstant
905 3993 1066 4078 exempla,
1091 4000 1129 4059 ut
1153 3993 1379 4072 „iracundiam
1406 3993 1477 4058 eius
1500 3993 1586 4059 cohi·

656 4177 736 4184 ---

528 4277 689 4345 2)(1161116111
717 4278 899 4346 fragmentum
928 4277 972 4344 (ex
992 4276 1136 4344 Gergithio
1163 4277 1360 4345 depromptum)
1400 4278 1471 4346 apud
1502 4276 1586 4332 Athe·
1624 4279 1626 4286 ’

422 4384 519 4420 naeunr
533 4367 573 4421 ita
587 4375 627 4422 est
641 4368 873 4422 determinandum
892 4372 924 4420 ut
934 4365 1032 4420 Kaibel
1052 4365 1131 4436 fecit,
1151 4366 1252 4420 erravit
1270 4367 1408 4421 haedere
1428 4367 1458 4422 O.
1475 4367 1587 4437 Miiller,

424 4457 526 4515 ruer.
545 4458 638 4525 nara
658 4457 710 4526 frg.
725 4462 767 4512 25.

532 4545 552 4618 ³)
570 4547 666 4600 Nonne
684 4547 712 4602 iu
732 4545 799 4600 libro
818 4547 877 4616 περὶ
894 4551 981 4616 μέθης
1001 4546 1043 4600 vel
1063 4545 1190 4602 similiter
1208 4545 1361 4614 inscripto?
