3488 5584
749 1284 777 1361 I.

251 1444 302 1511 De
326 1443 589 1510 vetustIssimoe
613 1443 794 1510 doctrinae
816 1444 1076 1526 Pythagoricae
1098 1443 1270 1510 fontibus.

284 1621 326 1685 ai
360 1620 419 1706 qui
452 1619 612 1705 indagare
646 1621 728 1700 vult,
762 1642 848 1707 quae
883 1621 984 1686 fuerit
1017 1641 1097 1687 vera
1129 1625 1161 1684 et
1193 1619 1340 1705 genuina

176 1728 343 1815 societatis
366 1747 388 1792 a
409 1727 599 1813 Pythagora
621 1727 772 1793 conditae
796 1727 947 1793 condicio
978 1734 1011 1793 et
1031 1733 1161 1806 natura,
1193 1725 1228 1790 id
1250 1747 1340 1812 prae·

176 1835 275 1920 cipue
299 1832 519 1920 spectandum
542 1840 600 1914 est,
636 1841 674 1899 ut
695 1834 850 1914 fontium,
883 1834 1006 1920 quibus
1035 1834 1171 1913 utimur,
1204 1833 1341 1898 auctori·

175 1947 280 2007 tatem
308 1947 341 2006 et
369 1939 470 2005 fidem
503 1962 606 2025 quam
640 1941 886 2006 accuratissime
918 1941 1094 2006 examinet.
1151 1939 1227 2016 Qua
1249 1939 1285 2004 in
1307 1960 1341 2004 re

175 2048 212 2114 id
227 2048 393 2134 imprimis
411 2046 594 2113 tenendum
618 2053 668 2113 est
689 2054 817 2115 veteres
840 2069 975 2136 quoque
998 2054 1157 2126 auctores,
1183 2047 1241 2132 qui
1263 2046 1342 2111 inde

176 2156 219 2221 ab
242 2154 428 2220 Aristotelis
458 2160 564 2220 aetate
600 2153 640 2220 de
664 2155 854 2241 Pythagora
888 2155 1026 2241 eiusque
1056 2155 1210 2220 societate
1241 2152 1342 2218 libros

178 2261 457 2347 conscripserunt,
482 2282 559 2326 cum
582 2275 692 2348 neque
716 2263 787 2348 ipse
810 2260 1043 2349 Pythagoras¹)
1067 2282 1177 2347 neque
1201 2260 1341 2346 discipu-

175 2371 302 2462 lorum
324 2368 394 2434 eius
430 2368 611 2453 quisquam
643 2376 720 2436 anto
754 2367 973 2456 Philolaum²)
1014 2367 1116 2433 libros
1151 2367 1340 2454 edidissent,

176 2475 301 2563 quibus
325 2475 512 2540 doctrinam
535 2481 748 2560 exponerent,
784 2481 1001 2561 auctoresque
1024 2475 1233 2561 Pythagorae
1263 2479 1346 2548 tem.¹

174 2581 314 2670 poribus
337 2582 493 2668 aequales
517 2603 590 2647 raro
614 2580 779 2670 tantum³)
814 2582 885 2648 eius
919 2587 1096 2667 praecepta
1130 2582 1340 2666 attingerent,
1437 2637 1439 2640 .

174 2689 269 2756 nulla
287 2707 393 2774 paene
409 2690 446 2753 in
461 2710 496 2754 re
513 2710 573 2774 pro
592 2696 679 2755 certo
696 2690 862 2755 affirmare
878 2689 1035 2775 potuisse,
1060 2689 1143 2775 quid
1166 2688 1209 2754 ad
1231 2688 1343 2774 ipsum

174 2788 401 2884 Pythagoram
438 2796 568 2876 rediret,
605 2796 687 2883 quid
719 2795 891 2882 discipulis
915 2796 986 2861 eius
1008 2795 1225 2862 tribuendum
1249 2801 1341 2860 esset.

177 2906 290 2982 Quare
325 2909 476 2969 auctores
512 2903 674 2976 cautiores
709 2909 742 2969 et
770 2903 998 2982 accuratiores,
1034 2909 1072 2968 ut
1095 2902 1288 2968 Aristoteles
1311 2907 1344 2967 et

178 3011 411 3088 Aristoxenus
444 3009 485 3074 de
508 3010 581 3096 ipso
604 3010 794 3096 Pythagora
827 3009 922 3075 etde
945 3010 1080 3096 propria
1103 3010 1173 3074 eius
1193 3008 1343 3075 doctrina

174 3118 344 3184 rarissime
367 3117 561 3202 loquuntur,
597 3117 656 3182 sed
679 3116 872 3183 Aristoteles
907 3138 1039 3202 semper
1067 3117 1135 3182 fere
1159 3115 1199 3181 de
1223 3115 1342 3202 Pytha·

173 3246 354 3312 goreorum
371 3225 408 3289 in
424 3225 621 3290 universum
636 3225 821 3311 praeceptis
837 3223 940 3291 verba
954 3222 1070 3312 faeiat
1090 3211 1345 3310 hristoxenus⁵1

176 3353 327 3418 eaquae
351 3353 393 3397 ex
416 3332 592 3417 postremis
615 3331 833 3418 Pythagoreis
857 3331 898 3397 de
922 3331 1087 3396 societatis
1111 3329 1279 3397 conditore
1311 3335 1343 3394 et

172 3439 356 3526 principaii
380 3438 575 3503 condicione
600 3437 782 3518 audiverat,
817 3437 918 3503 nullis
941 3438 1083 3524 propriis
1106 3436 1342 3502 additamentis

174 3553 283 3625 aucta,
318 3545 366 3610 ita
400 3546 518 3626 refert,
563 3552 601 3611 ut
634 3546 724 3631 ipsos
758 3544 983 3631 Pythagoreos
1018 3528 1119 3610 faciat
1157 3545 1341 3630 loquentes,

174 3675 322 3740 quorum
361 3653 567 3718 narrationes
605 3653 751 3742 integras
790 3652 861 3739 ipse
899 3653 935 3716 in
980 3637 1131 3717 oidinem
1169 3650 1340 3737 redegerit.

175 3760 277 3838 Quod
300 3781 360 3826 cur
382 3759 529 3839 fecerint,
566 3781 635 3824 non
665 3766 715 3824 est
744 3758 895 3839 dubium,
931 3780 1011 3824 uam
1044 3759 1110 3844 ipsi
1132 3757 1341 3845 Pythagorei,

285 4082 306 4151 ¹)
325 4083 359 4138 of.
373 4083 471 4151 Zella,
489 4079 663 4147 Philosophia
682 4080 729 4134 der
748 4077 882 4148 Grieo'hen
901 4079 925 4148 I,
940 4084 963 4136 1.
982 4095 1008 4146 p.
1019 4082 1098 4148 286,3
1117 4077 1211 4148 (editio
1226 4077 1340 4146 quinta).

285 4169 304 4227 ’1
322 4173 415 4228 Laert.
436 4169 519 4240 Diog.
533 4169 617 4238 VIII,
642 4173 687 4233 15;
708 4172 757 4223 85:
776 4165 872 4221 τοῦτόν
891 4185 957 4238 φησι
974 4165 1123 4239 Δημήτριος
1141 4170 1170 4220 ἐν
1188 4165 1342 4238 ὁμωνύμως

175 4267 285 4334 πρῶτον
302 4261 430 4314 ἐκδοῦναι
447 4265 500 4312 τών
518 4263 723 4328 Πυθαγορικῶν
742 4258 801 4322 περὶ
820 4254 930 4326 φύσεως.
968 4257 1002 4314 of.
1021 4257 1110 4311 Zsller
1128 4273 1153 4324 p.
1173 4261 1224 4310 285
1243 4272 1282 4324 aq.

183 4387 191 4404 .
286 4349 306 4417 ⁸)
324 4351 414 4404 Zeller
431 4366 457 4416 p.
477 4351 554 4418 27⁹‚2
574 4349 592 4405 l.
611 4348 628 4400 l.
649 4352 677 4401 et
695 4347 726 4400 Z.
746 4347 836 4401 Ucber
854 4345 899 4400 die
918 4347 1034 4400 altesteu
1051 4345 1200 4414 Zeugnisse
1225 4361 1274 4399 zur
1292 4345 1341 4400 Ge·

176 4439 298 4495 sehichte
317 4440 364 4494 des
381 4438 561 4506 Pythagoras.
589 4436 841 4505 Sitzuugsberichte
860 4436 886 4489 d.
899 4435 973 4490 Berl.
988 4436 1077 4489 Akad.
1093 4439 1159 4489 1889
1179 4451 1204 4502 p.
1220 4438 1269 4488 983
1284 4450 1341 4502 sqq.

285 4527 307 4596 ⁴)
325 4529 423 4597 Zella,
442 4544 467 4595 p.
487 4530 538 4580 280
558 4532 586 4580 et
604 4525 720 4593 saepius.

286 4617 306 4692 ⁶)
325 4617 359 4676 of.
378 4617 409 4672 Ε.
429 4617 534 4687 Rohde‚
552 4615 625 4674 Mus.
644 4615 732 4670 Rhen
751 4631 812 4673 nov.
825 4629 875 4674 ser.
896 4613 996 4671 XXVI
1010 4630 1036 4683 p.
1050 4618 1110 4672 655.
1128 4611 1245 4669 XXVII
1256 4628 1282 4681 p.
1298 4617 1340 4668 53.

1167 4707 1180 4768 2
