3488 5584
466 985 517 1052 lle
540 961 741 1062 Iamblicho
765 965 988 1050 Chalcidensi
1013 982 1255 1090 symbolorum
1278 976 1486 1048 tractatore.

497 1142 706 1210 lamblichus
734 1141 790 1208 vit.
816 1142 913 1227 Pyth.
949 1142 1010 1238 leo
1034 1164 1066 1226 p.
1098 1142 1196 1219 raba
1221 1140 1282 1204 N.:
1320 1153 1376 1208 καῖ
1400 1142 1569 1225 ια’-ζυγὸν

394 1254 429 1318 δὲ
452 1252 496 1337 μή
521 1253 736 1338 ὑπερβαίνειν
754 1247 964 1337 δικαιοσύνης
988 1251 1053 1316 ἔστι
1078 1243 1345 1339 παρακέλενσμα,
1377 1246 1493 1316 πάντα
1517 1249 1567 1314 τα

393 1361 506 1425 δίκαια
524 1360 751 1442 παραγγέλλον
776 1356 896 1434 οἷσκεῑν,
922 1359 963 1433 οἷς
986 1357 1022 1422 ἐν
1045 1373 1109 1434 τοῖς
1134 1368 1208 1444 περὶ
1233 1357 1405 1442 συμβόλων
1429 1357 1570 1441 δειχθή-

393 1488 481 1532 σεται
505 1463 637 1553 delegat
658 1484 719 1528 nos
743 1462 787 1527 ad
809 1462 933 1527 librum
957 1462 998 1527 de
1037 1461 1197 1548 symbolis
1214 1483 1241 1525 a
1264 1483 1299 1526 se
1322 1461 1395 1546 ipso
1420 1462 1570 1526 conscri-

394 1570 553 1636 bendum.
613 1570 723 1645 Quem
747 1583 821 1658 περὶ
845 1568 1017 1656 συμβόλων
1053 1568 1177 1634 librum
1212 1575 1383 1634 servatum
1419 1589 1507 1634 esse
1526 1569 1570 1633 in
1597 1615 1600 1618 -

396 1662 564 1764 postremo
588 1677 780 1762 protreptici
804 1677 912 1762 capite
945 1676 1076 1761 putavit
1101 1676 1236 1758 Kuster‚
1261 1675 1316 1740 cui
1339 1675 1572 1761 adstipulatur

394 1784 521 1862 Nauck,
547 1783 603 1848 sed
627 1783 720 1860 false,
745 1790 783 1846 ut
797 1784 881 1848 mihi
903 1783 1045 1861 videtur,
1063 1804 1143 1847 nam
1166 1783 1202 1846 in
1225 1767 1298 1867 ipso
1324 1782 1387 1847 hcc
1411 1783 1452 1847 dc
1476 1805 1570 1868 syrn-

394 1891 477 1956 bolis
512 1891 620 1975 capito
664 1890 787 1954 iterum
833 1896 1072 1954 commemorat
1098 1889 1320 1960 lamblichus
1358 1890 1570 1974 ampliorem

394 1996 518 2061 librum
535 1997 575 2061 de
592 1996 752 2082 symbolis
769 1995 1048 2062 conscribendum
1071 2019 1103 2082 p.
1120 1998 1185 2062 330
1200 1997 1243 2060 K.
1262 1997 1318 2060 fin.
1343 1994 1396 2081 (z
1413 2019 1444 2081 p.
1466 1997 1570 2075 1122

395 2104 443 2168 ed.
469 2103 627 2188 Pistelliy:
653 2103 857 2190 μελανούρου
880 2097 1016 2185 α’πέχον·
1035 2113 1182 2190 χθονίων
1205 2096 1267 2192 γαρ
1291 2105 1358 2170 ἔστι
1381 2109 1494 2172 θεῶν·
1518 2103 1569 2171 τοὶ

395 2207 456 2294 μὲν
480 2206 536 2280 οὖν
559 2208 644 2278 ἄλλα
670 2220 745 2300 περὶ
768 2211 875 2280 αὐτοῦ
898 2212 934 2278 ἒν
957 2210 1004 2301 τῷ
1027 2223 1100 2300 περὶ
1124 2209 1297 2296 συμβόλων
1325 2213 1472 2298 ἐροῦμεν,
1498 2210 1570 2278 δσα

396 2322 431 2386 δὲ
456 2326 501 2398 τίς
524 2320 712 2408 προτροπὴν
736 2314 881 2407 ἆρμόζσι,
908 2321 1127 2406 παραγγέλλει
1157 2319 1214 2404 τῆς
1237 2311 1396 2406 οδρανίας
1426 2331 1570 2408 πορείας

395 2429 596 2510 ἀντέχεσθαι
613 2427 701 2491 nt·
727 2445 874 2508 quocum
890 2425 1055 2489 consentit
1078 2425 1178 2488 huius
1196 2425 1313 2509 capitis
1339 2425 1569 2490 summarium

397 2533 434 2596 in
459 2531 571 2597 codice
595 2530 787 2596 Florentino
811 2537 979 2596 servatum
997 2555 1027 2617 p.
1055 2533 1084 2609 6,
1103 2532 1189 2596 6-8
1214 2531 1263 2595 ed.
1283 2531 1420 2596 Pistelli.¹
1451 2532 1568 2608 Quem

393 2638 516 2704 librum
552 2645 667 2703 utrum
703 2638 871 2722 scripserit
893 2638 1102 2702 lamblichus
1136 2659 1252 2716 necne,
1277 2639 1472 2724 ignoramus
1483 2670 1493 2718 ‚·
1518 2639 1570 2702 ad

394 2765 456 2810 nos
480 2745 633 2830 pervenit
657 2745 765 2809 solum
788 2751 996 2831 postremmn
1019 2745 1212 2830 protreptici
1228 2752 1329 2830 caput
1352 2747 1394 2809 39
1412 2743 1569 2831 σύμβολα

399 2853 574 2916 continens
598 2859 630 2916 et
654 2851 890 2937 explicationes
913 2852 1077 2937 praebens
1101 2852 1180 2916 satis
1204 2851 1445 2918 memorabiles,

460 3003 462 3008 .
503 2958 568 3024 Sed
614 2966 718 3024 totam
764 2960 882 3023 efferre
922 2959 1101 3024 Jamblichi
1149 2959 1189 3023 de
1243 2959 1406 3044 symbolis
1452 2959 1571 3045 dispu-

398 3067 559 3132 tationem
574 3086 862 3152 supervacaneum
886 3072 943 3144 est,
969 3066 1060 3150 quod
1075 3066 1178 3130 altera
1201 3066 1242 3131 de
1266 3066 1425 3152 symbolis
1449 3066 1573 3131 disser-

396 3174 486 3252 tatio,
524 3195 610 3259 quae
634 3195 712 3238 cum
735 3172 923 3239 Jamblicho
952 3179 1144 3259 comparata
1178 3172 1219 3237 do
1245 3172 1404 3250 fontibus,
1441 3173 1573 3258 quibus

396 3303 477 3346 usus
499 3282 542 3345 sit
557 3280 775 3358 lamblichus,
800 3301 860 3344 nos
885 3280 1011 3357 doceat,
1036 3302 1105 3344 non
1129 3287 1254 3359 exstat;
1279 3302 1359 3346 nam
1383 3280 1468 3345 nihil
1491 3302 1573 3345 con·

397 3388 529 3453 cludere
553 3410 732 3474 possumus
757 3409 797 3451 cx
819 3388 889 3452 loco
913 3387 1087 3472 parallelo,v
1106 3408 1208 3471 quom
1231 3388 1347 3453 inveni
1370 3387 1462 3472 apud
1478 3387 1573 3452 Ano-

397 3518 540 3581 nymum
566 3509 640 3584 περὶ
665 3494 839 3581 σχημάτων
863 3494 912 3560 ed.
939 3494 1092 3580 Spengel,
1129 3495 1210 3559 rhet.
1248 3517 1296 3580 gr.
1321 3495 1481 3573 111‚145,2
1512 3493 1574 3580 (ε

399 3602 502 3685 Walz‚
520 3603 582 3666 Rh.
599 3624 646 3688 gr.
667 3602 757 3680 VIII,
776 3602 871 3688 653lt
897 3603 966 3670 οἷον
980 3601 1016 3669 τὸ
1035 3603 1270 3691 Πυθαγορικὸν
1286 3609 1329 3677 εἰς
1353 3605 1441 3690 ἱερὸν
1454 3599 1574 3670 οἷπιιδν

399 3718 632 3799 προσκυνῆσαι,
667 3712 772 3798 μηδὲν
806 3709 886 3776 ἄλλο
917 3711 1040 3795 μεταξὺ
1076 3708 1232 3789 βιωτικδν
1263 3711 1347 3796 ,μήτε
1381 3712 1452 3792 λέγε
1474 3709 1576 3795 ιμήτε

399 3821 544 3907 πρᾶττε·
570 3829 625 3884 καὶ
656 3819 779 3885 πάλιν·
806 3815 1012 3904 ἀνυπόδητος
1035 3824 1101 3884 uos
1134 3828 1190 3882 καῖ
1225 3818 1398 3904 προσκύνει
1432 3828 1577 3901 κοσμίως

384 3937 454 3991 «καὶ
478 3936 613 4014 μετρίως
636 3937 692 3991 ιιαῑ
715 3922 888 4014 δπερσχιδν
910 3931 967 4010 τῆς
983 3925 1020 3990 ἐν
1043 3951 1079 4022 τη
1099 3928 1139 4021 γη
1155 3921 1284 4003 τάξεως.
1308 3922 1435 4009 ’σχιδδν
1458 3919 1578 4009 ὅμοιον

399 4033 435 4097 co*
459 4028 569 4100 ‘tuom
595 4033 631 4097 τὸ
663 4029 818 4117 ὑπόδημα
843 4032 879 4098 ἐκ
906 4036 973 4098 τῶν
997 4033 1207 4098 ποδῶνσου·
1224 4034 1252 4096 ’ὁ
1275 4032 1336 4121 γοὲρ
1361 4028 1520 4110 τόπος.ἒν
1544 4025 1603 4122 qi:

401 4162 437 4206 σν
454 4145 598 4224 ἕστηκας,
624 4143 664 4223 γῆ
689 4134 768 4221 οῗγία
794 4139 883 4205 ἐστί’
902 4178 943 4186 -
959 4137 1191 4217 ExodusIII,5
1207 4159 1258 4186 -·
1285 4150 1340 4205 καὶ
1357 4139 1469 4205 πάλιν·
1494 4151 1578 4228 περὶ

400 4251 484 4314 θεοῦ
506 4247 608 4330 μηδὲν
632 4246 833 4331 θαυμαστὸν
867 4248 1001 4312 οἶπίστει
1023 4244 1105 4329 μηδὲ
1138 4257 1212 4336 περὶ
1248 4253 1352 4312 θείων
1376 4245 1575 4330 δογμάτων·

400 4373 479 4415 nam
504 4373 581 4416 cum
605 4351 807 4436 ignoremus
833 4372 901 4436 qua
924 4358 1030 4416 aetate
1055 4352 1137 4416 haec
1161 4364 1235 4441 περὶ
1260 4353 1434 4438 σχημάτων
1457 4350 1576 4436 dispu-

401 4459 481 4522 tatio
508 4458 711 4544 ·eonscripta
745 4458 795 4537 sit,
829 4457 995 4523 incertum
1025 4465 1083 4537 est,
1116 4465 1235 4522 utrum.
1268 4458 1311 4524 ad
1341 4456 1579 4524 lamblichum

401 4566 483 4634 haec
507 4565 644 4632 redeant
657 4565 818 4653 symbola
834 4603 876 4614 -—
892 4565 928 4630 id
951 4564 1042 4651 quod
1066 4565 1150 4639 mihi
1174 4564 1312 4651 quidem
1335 4565 1405 4632 veri
1429 4564 1579 4644 similius
