3488 5584
924 453 1145 518 ..20-

453 646 564 722 Quare
602 647 694 712 haud
727 647 844 712 inutile
868 648 951 712 mihi
980 670 1050 713 esse
1074 648 1207 715 videtur
1229 654 1402 734 temptare,
1426 669 1539 712 nonne
1575 647 1617 712 ad

451 753 512 818 hos
536 753 636 819 libros
661 776 843 840 eorumque
867 761 1017 822 auctores
1041 756 1192 841 singulae
1208 755 1360 842 symbola
1373 755 1616 840 interpretandi

450 860 594 925 rationes
618 861 731 926 reduci
753 862 892 946 possint.
950 863 1078 928 Titulos
1113 863 1242 948 primus
1277 862 1409 947 collegit
1431 861 1615 938 Fabricius

450 966 527 1032 bibl.
553 990 600 1052 gr.
627 967 677 1032 ed.
703 967 841 1034 Harless
864 968 890 1046 I,
914 968 979 1032 488
1004 991 1094 1055 sqq.;
1128 969 1248 1034 deinde
1272 970 1424 1047 Krische,
1454 969 1494 1034 de
1518 969 1616 1038 socie-

450 1074 526 1138 tatis
558 1075 791 1160 aPythagora
814 1081 873 1140 etc.
900 1075 1052 1141 conditae
1086 1097 1186 1162 scopo
1209 1077 1344 1163 politico
1368 1099 1398 1162 p.
1426 1075 1536 1152 74175.
1573 1077 1615 1140 cl.

454 1181 604 1266 Gettling
627 1182 646 1245 1Ι
663 1182 691 1246 ,1.
717 1182 742 1259 I,
769 1183 841 1246 282.
890 1183 996 1248 Zeller
1019 1183 1044 1263 1,
1071 1182 1113 1262 1⁵,
1138 1185 1213 1262 324,
1238 1185 1267 1248 2.

558 1287 678 1353 Suidas
711 1311 735 1352 0.
769 1312 799 1355 v.
826 1293 1078 1376 Ἀναξίμανδρος
1108 1290 1209 1354 tradit
1239 1289 1616 1356 Anaximandrum

451 1395 619 1460 Milesium
643 1397 702 1463 τᾶν
729 1394 883 1485 νεώτερον
906 1397 1076 1482 scripsisse
1099 1397 1293 1477 Artaxerxis
1317 1398 1413 1482 regis,
1443 1405 1502 1468 τοῦ
1525 1396 1616 1484 Μνή-

398 1519 400 1522 ’
450 1529 547 1588 μονος
569 1507 756 1590 κληθέντος,
781 1503 987 1588 temporibus
1012 1502 1186 1590 συμβόλων
1202 1511 1440 1595 Πυθαγορείων
1455 1503 1614 1593 ἐξήγησιν.

558 1608 803 1673 Anaximandri
826 1609 1033 1695 temporibus
1057 1611 1231 1696 proximus
1255 1618 1304 1675 001
1326 1611 1614 1693 Α1101010100,

452 1735 554 1800 quem
578 1715 730 1800 symbola
753 1716 974 1802 Pythagorica
1005 1723 1156 1782 accurate
1189 1718 1359 1803 collegisse
1394 1725 1426 1783 01
1458 1725 1616 1784 tractasse

451 1828 565 1886 narrat
588 1823 793 1908 Porphyrius
825 1846 855 1890 v.
881 1824 916 1887 P.
942 1825 981 1888 41
1020 1823 1063 1911 (et
1098 1845 1138 1889 ex
1169 1825 1359 1910 ‘Porphyrio
1387 1826 1616 1912 Hieronymus

451 1928 527 1995 adv.
551 1929 662 2006 Rufin.
697 1929 756 2008 Ill,
792 1953 823 2015 p.
850 1930 915 1995 485
947 1931 996 1995 ed.
1015 1932 1145 2016 Migne,
1170 1932 1205 1996 C.
1230 1932 1318 1996 Patr.
1343 1932 1481 2019 XXHl).

558 2035 769 2121 Singularem
787 2037 847 2102 An
858 2037 931 2103 dro
941 2038 1061 2124 cydis
1078 2039 1253 2104 cuiusdam
1265 2040 1477 2125 Pythagorici
1493 2041 1616 2106 librum

451 2142 492 2207 de
544 2143 703 2228 symbolis
748 2145 977 2230 Pythagoricis
1033 2147 1259 2232 conscriptum
1310 2147 1449 2212 laudant
1494 2147 1615 2224 Jambl.

450 2273 481 2315 v.
519 2250 553 2314 P.
598 2251 659 2315 145
702 2257 734 2317 01
772 2273 961 2338 anonymus
1009 2253 1344 2339 theologumenorum
1390 2255 1617 2322 arithmeticae

451 2364 567 2422 auctor
589 2380 620 2443 p.
647 2358 764 2425 4001.
790 2359 858 2424 Ast.
1040 2435 1042 2438 ¹

560 2465 742 2530 Alexandri
759 2465 999 2554 (Polyhistoris)
1019 2466 1247 2552 symbolorum
1264 2468 1495 2534 tractationem
1520 2471 1618 2562 affert

452 2571 606 2636 Clemens
623 2573 872 2638 Alexandrinus
889 2579 1034 2639 stromat.
1061 2572 1086 2654 1,
1107 2576 1146 2640 15
1162 2598 1194 2661 p.
1213 2576 1276 2640 357
1301 2576 1387 2640 Pott.
1404 2576 1492 2642 inter
1516 2577 1618 2643 libros

453 2699 473 2742 a
498 2699 532 2742 se
557 2684 743 2765 usurpatos.

558 2784 659 2851 Liber
693 2786 871 2872 singularis
908 2798 984 2879 περὶ
1032 2787 1212 2874 συμβόλων,
1258 2790 1301 2855 ad
1350 2813 1453 2876 quem
1491 2791 1622 2876 delegat

451 2892 719 2958 lamblichus
754 2893 981 2960 Chalcidensis
1017 2918 1048 2962 v.
1073 2895 1109 2960 P.
1145 2897 1222 2975 186,
1257 2919 1341 2962 num
1376 2899 1513 2963 omnino
1546 2919 1621 2964 con-

452 3000 594 3084 scriptus
619 3001 669 3079 sit,
706 3001 805 3087 plane
841 3003 1025 3080 nescimus;
1051 3003 1093 3067 ad
1118 3025 1178 3068 nos
1202 3004 1293 3069 haud
1317 3004 1417 3070 dubie
1444 3023 1521 3070 ‘non
1551 3029 1621 3092 per-

452 3108 554 3185 venit,
580 3108 768 3193 spernenda
792 3109 882 3172 enim
907 3115 957 3174 001
980 3110 1116 3175 Kusteri
1140 3111 1339 3191 coniectura,
1372 3113 1525 3179 Nauckio
1549 3136 1621 3199 pro-

452 3212 539 3298 bata,
563 3214 653 3279 hunc
677 3214 800 3279 librum
815 3221 984 3284 servatum
1009 3238 1079 3282 0000
1094 3208 1261 3302 postremo
1279 3221 1471 3306 protreptici
1496 3222 1619 3307 capite;

452 3342 532 3384 nain
555 3322 591 3385 in
614 3321 687 3406 ipso
710 3323 773 3387 hoc
798 3323 904 3407 capite
928 3324 1050 3388 iterum
1081 3324 1228 3410 legentes
1259 3326 1389 3412 delegat
1411 3327 1621 3394 lamblichus

453 3427 495 3491 ad
519 3428 716 3514 ampliorem
739 3428 863 3493 librum
885 3443 960 3521 περὶ
984 3431 1155 3517 συμβόλων
1179 3433 1457 3499 conscribendum
1482 3473 1524 3480 —
1549 3458 1620 3522 pro-

452 3541 548 3621 trept.
574 3535 659 3599 XXI
682 3558 713 3621 p.
742 3537 813 3614 112,
839 3537 859 3599 2
882 3537 1025 3616 Ρ1010111;
1051 3561 1082 3624 p.
1109 3541 1138 3618 6,
1164 3541 1259 3605 6-8.
1301 3580 1341 3588 -
1529 3621 1532 3628 .

558 3642 649 3707 Inter
681 3641 791 3722 libros,
826 3644 949 3728 quibus
973 3652 1144 3710 acusmata
1167 3647 1389 3733 Pythagorica
1420 3649 1498 3714 data
1521 3672 1622 3736 opera

453 3754 596 3814 tractata
642 3750 725 3829 sint,
776 3771 796 3814 a
839 3750 990 3816 Fabricio
1027 3759 1086 3818 etc.
1140 3755 1327 3820 afferuntur
1372 3756 1622 3822 Aristoxeni

459 3856 651 3935 Tarentini,
687 3857 884 3941 cognomine
920 3859 1053 3938 musici,
1090 3861 1149 3946 qui
1181 3861 1364 3948 discipulus
1395 3871 1464 3928 erat
1498 3865 1621 3930 Aristo·

459 3964 542 4042 telis,
579 3972 814 4055 Πυθαγορικαῑ
854 3965 1044 4053 ἀποφάσεις,
1082 3967 1140 4032 sed
1183 3968 1284 4048 lalso;
1299 4021 1301 4025 .
1319 3970 1391 4056 ipsc
1426 3971 1517 4036 enim
1539 3972 1621 4036 .Α11-

455 4077 613 4136 stoxenus
632 4073 725 4136 -01,
744 4091 775 4157 p.
793 4073 841 4136 18.
864 4073 911 4136 19.
939 4112 979 4120 -
1003 4096 1072 4138 non
1097 4074 1206 4139 solum
1229 4098 1298 4141 non
1319 4083 1477 4142 tractasse
1490 4079 1623 4144 videtur

455 4185 627 4243 acusmata
661 4178 893 4264 Pythagorica,
929 4180 1032 4245 immo
1067 4202 1145 4246 vero
1180 4183 1279 4267 plane
1315 4184 1500 4270 neglexisse
1536 4192 1569 4251 et
1603 4209 1622 4251 a

452 4284 643 4370 Pythagora
665 4285 882 4350 abiudicasse.
1202 4351 1206 4356 .
1536 4311 1539 4317 ·

561 4391 684 4456 Omnia
728 4392 784 4456 illa
829 4393 952 4478 scripta
997 4401 1187 4481 temporum
1245 4397 1373 4464 invidia
1432 4399 1621 4484 perierunt;

454 4505 580 4564 restant
614 4500 683 4564 sola
710 4499 907 4585 fragmenta,
943 4502 1066 4587 partim
1089 4524 1108 4567 a
1132 4503 1212 4569 viris
1243 4503 1348 4570 doctis
1377 4505 1445 4570 iam
1476 4506 1622 4588 collecta,

454 4607 576 4708 partim
599 4605 793 4696 colligenda.

246 5346 668 5558 Π
