3488 5584
893 445 1113 511 ...10..

429 639 636 726 comparavit
658 639 897 723 testimonium,
922 662 989 726 quo
1012 639 1249 706 mathematica
1263 639 1369 726 ipsius
1384 619 1595 727 Pythagorae

429 748 540 822 studia
565 748 819 826 affirmarentur,
845 755 878 814 et
899 748 1072 814 falsarium
1095 747 1199 827 illum,
1224 747 1283 833 qui
1307 768 1345 814 eo
1368 769 1450 814 usus
1474 753 1531 828 est,
1557 753 1598 814 ut

428 854 521 920 libris
545 855 613 920 suis
637 855 759 940 spuriis
782 856 914 920 afferret
948 854 1195 934 auctoritatem
1227 854 1262 920 id
1293 875 1373 921 vero
1403 855 1487 920 mihi
1518 875 1594 920 con-

432 967 518 1028 stare
535 962 668 1028 videtur
682 961 877 1028 Nicomachi
900 961 1011 1028 verbis
1035 963 1183 1029 ἐκαλεῖτο
1208 965 1245 1030 δὲ
1267 966 1287 1048 ἦ
1310 976 1488 1052 γεωμετρία
1512 963 1597 1054 πρὸς

430 1067 631 1158 Πυθαγόρου
663 1074 789 1156 ἱστορία
821 1068 956 1134 subesse
979 1069 1141 1134 Heracliti
1162 1069 1468 1155 interpretationem
1491 1090 1597 1155 supra

429 1176 644 1262 propositam.

535 1283 699 1349 Videmus
721 1283 824 1370 igitur
851 1283 1046 1349 Nicomachi
1070 1288 1220 1349 auctores
1244 1283 1287 1348 ad
1311 1284 1492 1350 sententias
1515 1305 1596 1349 suas

429 1389 619 1476 probandas
642 1412 720 1455 usos
744 1411 815 1456 esse
839 1395 872 1455 et
894 1389 1079 1456 Aristotelis
1103 1390 1145 1455 de
1168 1391 1347 1456 acusmatis
1368 1389 1596 1476 disputatione

430 1503 462 1562 et
484 1498 623 1562 tortasse
646 1497 738 1563 libris
761 1496 932 1562 nonnullis
956 1479 1307 1583 pseudopythagoreis.
1356 1498 1467 1574 Quare
1490 1503 1597 1583 post

429 1603 709 1670 Aristotelem
732 1604 927 1670 Nicomachi
951 1603 1119 1669 distinctio
1142 1604 1295 1670 instituta
1318 1604 1361 1670 sit
1375 1625 1509 1670 necesse
1533 1609 1594 1684 est,

430 1715 471 1790 et,
496 1717 533 1775 ut
555 1732 658 1796 supra
679 1710 828 1796 exposui,
859 1717 966 1776 ante
1000 1710 1457 1796 Neopythagoreismi
1491 1717 1595 1776 tem·

429 1839 480 1904 po
493 1839 553 1898 ra;
589 1817 674 1884 redit
696 1817 799 1903 igitur
821 1817 865 1881 ad
887 1817 1038 1883 virorum
1060 1817 1234 1884 doctorum
1258 1816 1377 1897 studia,
1414 1818 1473 1903 qui
1496 1818 1595 1884 socie-

429 1925 506 1990 tatis
529 1924 768 2010 Pythagoricae
802 1924 975 2008 historiam
1010 1931 1083 1990 tum
1118 1925 1242 2010 optime
1278 1946 1312 1990 se
1336 1946 1470 2010 narrare
1500 1929 1595 2010 puta-

428 2038 559 2111 verunt,
591 2053 669 2097 cum
697 2032 819 2111 omnia,
851 2053 937 2117 quae
966 2032 1007 2097 de
1037 2032 1246 2117 Pythagorae
1273 2053 1417 2119 persona
1444 2031 1596 2098 doctrina

429 2139 590 2204 institutis
606 2146 845 2225 compererant,
871 2139 1000 2204 etiamsi
1023 2139 1107 2204 adeo
1129 2140 1216 2205 inter
1238 2161 1273 2206 se
1286 2145 1532 2225 pugnaverunt,
1556 2145 1597 2204 ut

430 2245 522 2311 nullo
550 2251 647 2331 pacto
681 2245 849 2312 conciliari
882 2251 1028 2330 possent,
1061 2252 1175 2320 tamen
1208 2247 1322 2332 aliqua
1356 2246 1483 2312 ratione
1518 2267 1594 2311 con-

430 2353 546 2418 iuncta
569 2359 601 2418 et
621 2353 658 2418 in
681 2374 790 2418 uuum
813 2353 910 2438 quasi
933 2374 1053 2438 corpus
1077 2352 1210 2418 redacta
1241 2352 1436 2418 referebant.
1495 2352 1595 2418 Fides

430 2482 509 2526 vero
544 2466 593 2526 est
616 2459 771 2525 habenda
793 2460 829 2524 in
852 2459 1047 2524 Nicomachi
1082 2459 1306 2545 disputatione
1341 2459 1397 2540 eis,
1433 2481 1519 2546 quae
1553 2481 1596 2524 ex

430 2566 604 2632 Aristotele
639 2568 817 2645 fluxerunt,
853 2565 976 2652 quibus
1010 2566 1195 2647 firmantur,
1235 2573 1273 2632 ut
1306 2587 1408 2652 supra
1443 2567 1594 2652 exposui,

429 2696 516 2760 quae
550 2673 685 2740 aliunde
720 2673 761 2740 de
796 2674 902 2760 ipsius
936 2673 1145 2760 Pythagorae
1184 2673 1335 2740 doctrina
1372 2680 1405 2740 et
1439 2674 1480 2740 de
1514 2694 1596 2740 vera

429 2787 639 2848 acusmatum
661 2781 773 2847 indole
797 2787 959 2846 constant.

536 2887 729 2973 Colligenda
773 2887 877 2973 igitur
921 2895 1000 2953 sunt
1044 2894 1077 2954 et
1122 2888 1320 2973 explicanda
1360 2908 1595 2974 quaecumque

429 2995 521 3082 apud
544 3001 695 3062 auctores
719 2977 898 3060 occurrunt
920 3001 1101 3062 acusmata.

855 3301 1170 3310 u*-

988 3605 1035 3682 H.

462 3769 513 3834 Dc
535 3766 674 3834 rationo
696 3769 731 3834 ot
753 3767 810 3833 ria
833 3768 872 3832 in
895 3766 1087 3832 aousmatis
1110 3764 1320 3845 colligendis
1343 3764 1572 3831 observanda.

537 3927 761 3993 Nicomachus
785 3948 836 4012 ap.
862 3925 982 3992 Jambl.
1007 3947 1042 3991 v„
1064 3925 1100 3988 Ρ.
1127 3926 1168 3990 86
1193 3924 1233 3988 Ν.
1258 3930 1372 3989 narrat
1399 3959 1436 3969 -υ
1453 3924 1593 3990 fortasse

433 4057 473 4100 ex
497 4035 672 4100 Aristotele
696 4072 738 4080 κ-
761 4033 802 4098 de
826 4033 1005 4098 acuematis
1029 4031 1126 4099 haec:
1159 4033 1214 4099 ἐπὶ
1237 4033 1333 4099 ἐνίων
1361 4038 1422 4118 μὲν
1444 4024 1504 4100 οὖν
1527 4032 1594 4098 ἐπο-

432 4144 560 4227 Atyanas
582 4154 619 4210 τί
630 4142 716 4226 deff),
741 4141 809 4209 οἷον
831 4137 883 4208 ὅτι
906 4143 957 4208 δεῖ
977 4147 1244 4208 τεκνοποιεῖσθαι
1268 4145 1362 4232 ἕνεκα
1386 4144 1444 4205 τοῦ
1465 4139 1595 4205 καταλο-

540 4531 560 4601 ¹)
579 4533 705 4588 Fortasse
718 4547 778 4587 oum
788 4532 911 4588 Nanckio
930 4548 978 4600 pro
996 4532 1073 4585 τίδεῖ
1088 4529 1258 4585 scribendum
1277 4535 1326 4598 cst,
1340 4529 1428 4583 deleto
1447 4529 1489 4581 δεῖ
1505 4527 1595 4600 verbo,

432 4624 583 4696 ἰπολέγεταί
598 4643 633 4682 τι.
