3488 5584
881 395 1101 460 ..44-

407 591 448 658 de
472 593 631 680 symbolis
654 594 794 680 scripsit,
817 593 1010 679 praesertim
1034 615 1112 658 curn
1136 591 1215 657 satis
1238 591 1325 656 clare
1348 588 1573 655 demonstrari

408 702 510 786 possit
525 701 616 766 hunc
632 715 705 790 πιρῐ
719 710 809 769 Πυθ.
827 703 998 786 συμβόλαια
1014 701 1136 765 librum
1154 721 1261 785 aeque
1276 707 1378 783 atque
1394 697 1573 783 epistolam

407 807 497 872 illam
531 807 574 872 ab
609 808 808 892 Androcyde
842 808 885 872 ad
920 809 958 871 A.
989 808 1032 871 M.
1071 807 1208 872 missam
1243 807 1397 892 spurium
1431 827 1503 869 esse
1538 811 1574 869 et

407 915 599 1001 Androcydi
630 915 763 980 cuidam
795 915 899 980 veteri
927 915 1136 1000 Pythagoreo
1164 913 1345 978 subditum.
1393 913 1444 976 Ex
1474 934 1572 996 argu·

408 1029 520 1086 mento
559 1022 648 1086 enim
686 1023 875 1107 fragmenti,
914 1021 1005 1106 quod
1043 1027 1194 1086 servatur
1230 1021 1267 1084 in
1309 1020 1579 1096 „commentario

406 1129 571 1194 ¹lohannis
614 1117 821 1214 grammatici
861 1128 1080 1193 Alexandrini
1118 1127 1295 1212 Philoponi
1340 1127 1384 1191 ad
1421 1127 1572 1212 primum

407 1234 530 1300 librum
544 1236 737 1300 Nicomachi
761 1237 988 1300 arithmeticae
1011 1234 1286 1300 introductionis“
1311 1233 1361 1298 ed.
1386 1234 1426 1298 R.
1452 1233 1571 1296 Hoche

409 1343 484 1428 Lyre.
507 1343 589 1407 1864
604 1342 781 1429 (Teubner)
797 1367 827 1428 p.
847 1343 917 1419 'llssz
935 1345 1048 1412 τούτου
1065 1345 1100 1409 δὲ
1117 1345 1236 1408 πολλαὶ
1251 1343 1316 1410 rimi
1333 1349 1400 1408 τῶν
1415 1345 1572 1407 παλαιῶν

408 1459 656 1538 παρατίθενται
686 1462 809 1530 πίστεις
827 1473 832 1482 ·
850 1452 1057 1540 Ἀνδροκύδης
1086 1447 1149 1537 γάρ
1177 1472 1271 1535 φησιν
1299 1447 1317 1514 ὅ
1342 1445 1571 1535 Πυθαγόρειος

407 1595 449 1602 -—
466 1557 506 1620 ci.
532 1578 634 1641 supra
657 1595 701 1602 —
724 1553 831 1644 ὥσπερ
856 1561 1023 1644 ζωχραηία
1047 1568 1120 1635 ταῖς
1141 1558 1322 1636 βαναύσοις
1344 1567 1474 1640 τέχναις
1496 1577 1573 1638 στιμ·

406 1665 826 1754 ,θάλλεταασκιαγραιμοῦσα
835 1666 871 1731 ro*
882 1663 1018 1751 ἑκάστης
1026 1665 1133 1750 ἔργον
1145 1676 1199 1730 καὶ
1211 1664 1273 1751 γάρ
1287 1670 1327 1760 τῇ
1338 1665 1516 1748 α’νδριαντο
1527 1699 1571 1706 -

317 1843 321 1850 ,
407 1776 557 1868 ποιητικῇ
588 1772 625 1836 ro*
670 1769 887 1859 γενησόμενον
919 1772 1094 1859 διαγράφει
1127 1769 1274 1855 πλάσμα,
1317 1782 1373 1836 καὶ
1411 1766 1570 1857 οἰκοδόμῳ

407 1878 444 1943 τὸ
470 1879 676 1962 οἰκοδόμημα,
694 1891 750 1944 καὶ
773 1895 838 1958 τοῖς
860 1890 934 1968 περὶ
958 1876 1123 1963 αἰσθηττλς
1145 1881 1335 1955 ποικιλταῑς,
1353 1889 1409 1942 καὶ
1433 1893 1497 1954 τοῖς
1512 1876 1573 1942 τᾶν

407 1986 524 2074 χρυσὸν
546 1997 602 2051 καὶ
626 1984 685 2051 τόν
708 1985 846 2075 ἄργυρον
869 1987 1101 2072 ἐργαζομένοις,
1119 1997 1175 2052 καὶ
1200 1987 1304 2052 πάλιν
1326 1986 1450 2063 ἁπλῶς,
1468 1981 1571 2062 οἶῖτως

407 2101 462 2157 καὶ
497 2102 565 2170 τοῖς
603 2095 826 2178 ηιλοσοιμοῦσιν
860 2098 895 2158 ol
934 2104 1085 2178 τέσσαρες
1117 2101 1352 2178 μαθηματικαὶ
1391 2093 1572 2178 ἐπιστῆμαι

408 2196 661 2280 συμβάλλονται,
688 2205 783 2266 οἱονεὶ
810 2199 932 2288 μελετᾷ
954 2201 1128 2278 tergorum
1150 2200 1209 2278 τοὶς
1232 2199 1298 2265 τῶν
1328 2207 1492 2285 χωριστῶν
1514 2212 1571 2265 καῖ

409 2313 511 2372 θείων
534 2308 631 2372 aldrov
654 2307 766 2385 οὐσίας
798 2308 874 2391 δίχα
899 2307 1006 2392 πάσης
1038 2303 1115 2392 ἷῖλης
1148 2323 1233 2372 νοεῖν
1251 2328 1257 2338 ’
1275 2318 1330 2372 καὶ
1354 2306 1511 2393 Ἀρχύταν
1536 2308 1570 2373 δὲ

408 2413 465 2477 τόν
489 2430 683 2502 ταραντῖνον
714 2414 755 2479 τοὶ
781 2411 866 2480 αὐτοὶ
897 2427 1074 2500 παρίστασι
1106 2417 1240 2497 λέγοντα
1267 2417 1344 2490 κτλ,
1365 2412 1388 2498 ⁵)
1420 2413 1572 2497 sequitur

409 2517 575 2603 Archytae
606 2519 832 2604 fragmentum
861 2519 1023 2604 spurium,
1049 2557 1090 2565 -
1113 2519 1267 2584 videmus
1290 2519 1381 2584 hunc
1404 2519 1527 2583 librum
1552 2541 1571 2583 a

407 2631 516 2690 vetere
540 2625 748 2711 Pythagoreo
772 2626 863 2690 nullo
887 2632 984 2710 paeto
1015 2626 1241 2710 conscriptum
1264 2647 1334 2690 esse
1358 2621 1465 2710 posse,
1490 2648 1570 2690 narn

407 2753 493 2816 <prae
509 2733 724 2816 proferuntur
748 2732 789 2798 de
805 2732 980 2818 quadrivio
1004 2733 1069 2810 illo,
1088 2739 1124 2796 ut
1147 2733 1234 2797 hanc
1250 2732 1391 2797 docendi
1407 2733 1570 2797 rationem

405 2844 502 2905 vocat
526 2839 578 2903 Ps.
605 2840 738 2904 Boetius
765 2878 807 2886 --
834 2841 873 2904 cl.
895 2839 957 2904 Ast
979 2838 1022 2904 ad
1045 2840 1294 2924 the'olarithm.
1312 2863 1343 2925 p.
1362 2841 1445 2921 211;
1461 2839 1569 2904 Zeller

405 2945 425 3009 l.
462 2945 500 3024 l.;
541 2946 577 3010 L.
618 2945 829 3032 Grasberger,
870 2947 1061 3031 Erziehung
1098 2946 1169 3012 und
1207 2947 1401 3012 Unterricht
1438 2947 1483 3010 irn
1523 2941 1567 3010 kl.

406 3051 519 3116 Altert.
546 3053 587 3130 ll,
612 3054 634 3138 ξ
658 3054 732 3138 8'p.
759 3054 824 3117 234
848 3076 935 3138 sqq.;
961 3055 1001 3118 cl.
1026 3055 1069 3118 M.
1096 3053 1233 3131 Schanz,
1259 3054 1354 3117 Rem.
1378 3053 1568 3132 nicerati,

404 3159 426 3244 ξ
453 3160 513 3223 188
538 3183 569 3245 p.
588 3161 668 3239 283;
693 3162 721 3225 J.
737 3161 865 3234 lliiller,
891 3163 945 3226 Gr.
960 3161 1178 3226 Privataltert.
1200 3160 1211 3196 ²
1235 3183 1265 3246 p.
1284 3161 1343 3224 181
1362 3199 1411 3238 -,
1429 3162 1569 3226 minime

405 3266 573 3352 quadrant
589 3266 632 3332 ad
643 3275 794 3334 veterum
810 3269 1096 3353 Pythagoreorum
1109 3275 1268 3353 tempora,
1286 3268 1390 3332 immo
1414 3266 1569 3352 adAlex·

405 3373 582 3438 andrinanr
615 3374 668 3439 vel
696 3376 912 3460 posteriorem
940 3382 1097 3453 aetaten13
1135 3396 1174 3439 ea
1203 3381 1315 3439 autem
1348 3396 1388 3439 ex
1412 3396 1445 3439 re
1477 3375 1569 3459 quod

407 3502 572 3544 unacum
599 3481 747 3567 Archyta
771 3489 802 3546 et
825 3482 897 3546 aliis
923 3490 1137 3547 enumeratur
1160 3505 1180 3546 a
1202 3482 1356 3547 iohanne
1380 3481 1567 3567 Philopono

405 3587 631 3673 Androcydes,
663 3589 865 3674 conspicitur
893 3589 1128 3675 Androcydem
1159 3588 1327 3654 veteribus
1351 3589 1568 3674 Pythagoreis

403 3694 660 3760 adnumeratum
684 3718 764 3773 esse,
789 3696 880 3780 quod
903 3703 974 3760 turn
999 3697 1135 3761 demum
1159 3697 1229 3760 lieri
1253 3696 1370 3781 potuit,
1395 3717 1472 3760 curn
1496 3696 1567 3781 ipse

404 3795 620 3887 Andiocydes
637 3811 782 3868 voterem
807 3825 840 3867 se
865 3826 935 3868 esse
951 3804 1199 3889 Pythagoreum
1215 3801 1443 3868 contendebat.
1485 3804 1567 3867 Con·

403 3908 545 3994 scriptus
572 3910 674 3993 igitur
698 3915 746 3974 est
770 3893 979 3996 Androcydis
1004 3911 1214 3996 Pythagorici
1239 3911 1279 3974 de
1304 3909 1463 3996 symbolis
1484 3909 1568 3974 liber

403 4023 477 4100 post
502 4024 684 4102 postremos
708 4017 943 4103 Pythagoreos
977 4019 1008 4083 h.
1033 4040 1059 4082 e.
1094 4024 1169 4102 post
1191 4017 1381 4082 Aristoxeni
1416 4024 1567 4082 auctores

508 4300 528 4368 l)
547 4302 654 4355 Primus
674 4303 723 4356 hoc
741 4302 875 4357 Johannis
896 4315 945 4357 etc.
965 4301 1108 4369 Philoponi
1121 4301 1246 4356 'scholion
1266 4302 1352 4356 edidit
1372 4302 1478 4370 Angelo
1497 4303 1566 4372 Mai,

401 4390 569 4457 spicilegium
588 4392 738 4446 Rauranum
758 4392 798 4458 11,
824 4392 937 4458 praefat.
963 4408 987 4458 p.
1007 4391 1063 4444 XX
1085 4420 1114 4429 -
1135 4391 1237 4446 Romae
1258 4395 1325 4444 1839
1346 4421 1387 4460 —‚
1407 4393 1453 4445 sed
1480 4391 1567 4458 prima

401 4481 482 4533 verba
495 4479 561 4534 satie
575 4481 757 4535 memorabilia
772 4478 865 4532 τούτου
886 4482 914 4532 d'e'
928 4481 1021 4534 πολλαὶ
1042 4477 1100 4531 ὑπὸ
1120 4485 1181 4531 τῶν
1200 4481 1351 4532 παλαιῶν
1370 4486 1566 4552 παρατίθενται

400 4577 504 4637 πίστεις,
524 4571 640 4624 nondum
659 4571 762 4626 attulit.
