3488 5584
935 457 1132 520 ..4,

557 655 727 720 Discimus
750 675 791 719 ex
814 653 877 719 hac
899 653 1079 720 Jambliehi
1107 653 1148 718 de
1180 652 1359 719 acusmatis
1382 650 1615 739 Pythagoricis

449 763 676 848 'disputatione
707 761 855 846 primum
885 759 1022 846 quidem
1045 760 1271 846 Pythagoram
1308 782 1377 826 non
1405 758 1616 845 philosophis

451 869 585 936 Graecis
609 867 901 935 adnumerandum
925 888 1006 946 esse,
1039 867 1098 932 sed
1121 866 1168 932 eis
1183 867 1274 946 viris
1292 867 1350 952 qui
1366 866 1468 952 vulgo
1484 873 1615 952 septem

451 977 619 1062 sapientes
648 981 820 1054 vocantur,
852 995 998 1060 quorum
1027 973 1168 1038 docendi
1198 974 1361 1039 rationem
1391 974 1540 1038 imitatus
1572 972 1617 1037 sit

450 1083 670 1169 Pythagoras:
696 1081 816 1147 deinde
840 1087 1038 1166 argumenta
1061 1087 1271 1147 acusmatum
1295 1103 1315 1146 a
1337 1081 1528 1167 Pythagora
1551 1079 1615 1144 dis-

451 1191 569 1276 cipulis
592 1188 790 1254 traditorum
813 1210 882 1254 non
904 1188 1030 1254 versari
1052 1188 1088 1253 in
1112 1187 1332 1273 philosophia,
1364 1209 1468 1273 quam
1490 1187 1616 1273 posteri
1640 1253 1643 1260 ,

450 1296 660 1382 Pythagorei,
692 1302 730 1360 ut
758 1295 928 1360 Philolaus
958 1294 1024 1374 alii,
1065 1295 1273 1380 Pythagorae
1305 1295 1468 1374 tribuunt,
1499 1315 1616 1359 nume-

451 1425 565 1468 rorum
597 1403 671 1468 dico
705 1402 891 1467 doctrinam
927 1401 1114 1487 mundique
1150 1403 1299 1469 universi
1333 1402 1618 1467 constructionem

451 1511 722 1575 mathematicam
753 1514 786 1574 et
818 1509 1002 1595 physicam,
1035 1508 1093 1574 sed
1121 1509 1158 1574 in
1191 1509 1385 1595 praeceptis,
1417 1529 1503 1595 quae
1536 1513 1619 1573 sunt

451 1617 618 1702 imprimis
634 1617 675 1681 de
693 1617 883 1681 animarum
898 1616 1096 1701 migratione
1115 1615 1159 1704 (et
1174 1614 1444 1704 immortalitate),
1462 1616 1502 1706 de
1519 1616 1618 1680 sacri-

450 1724 603 1789 ficiorum
632 1723 858 1802 caeremoniis,
884 1722 924 1788 de
949 1723 1114 1788 sodalium
1144 1721 1367 1812 sepulturum)
1391 1723 1411 1786 i.
1437 1743 1463 1788 e.
1490 1723 1537 1788 eis
1561 1722 1618 1788 ob-

452 1830 635 1909 servandis
676 1829 737 1915 ‘qui
766 1836 871 1895 totam
902 1829 990 1896 vitae
1020 1830 1183 1895 rationem
1216 1829 1356 1895 deorum
1386 1829 1538 1914 religioni
1566 1851 1618 1894 ac-

452 1937 712 2002 commodarent.
752 1937 977 2002 Numerorum
993 1936 1143 2002 studium
1165 1937 1218 2001 his
1241 1937 1277 2001 in
1292 1936 1476 2022 praeceptis
1492 1938 1623 2001 frustra·

453 2043 643 2129 quaesieris,
656 2043 721 2108 nisi
733 2044 817 2109 forte
828 2043 924 2109 initia
935 2064 1152 2109 numerorum
1165 2043 1464 2129 contemplationis,
1481 2043 1620 2129 qualem

452 2150 575 2236 posteri
592 2151 793 2236 Pythagorei
817 2149 1011 2229 tractabant,
1034 2172 1073 2216 ea
1096 2151 1132 2215 in
1156 2172 1190 2216 re
1212 2149 1374 2230 invenies,
1391 2151 1483 2236 quod
1505 2171 1619 2236 super-

453 2257 581 2322 stitiosa
604 2256 711 2342 magis
736 2279 839 2342 quam
861 2257 1093 2343 philosophica
1116 2259 1243 2324 ratione
1267 2258 1297 2323 ei
1320 2258 1453 2322 numeri
1468 2264 1619 2344 spectan-

452 2371 516 2444 tur,
550 2385 635 2449 quos
663 2363 825 2429 rotundos
856 2364 1030 2430 nominare
1061 2365 1215 2444 solemus,
1240 2371 1278 2430 ut
1307 2365 1463 2444 ternium,
1488 2370 1619 2451 quater-

453 2471 559 2551 nium,
584 2471 674 2536 alios.
716 2549 721 2560 ¹

560 2614 654 2690 Quae
678 2635 781 2698 quam
804 2612 889 2679 bene
905 2613 1134 2699 quadrentad
1149 2636 1197 2695 ca,
1223 2637 1309 2700 quae
1333 2637 1374 2681 ex
1396 2615 1536 2682 testibus
1552 2617 1620 2682 fide

453 2721 563 2806 dignis
577 2720 617 2785 de
629 2721 735 2806 ipsius
747 2720 956 2807 Pythagorae
973 2728 1005 2786 et
1016 2742 1160 2806 persona
1171 2729 1204 2788 et
1219 2722 1370 2788 doctrina
1382 2723 1619 2810 comperimus,

453 2827 623 2893 neminem
653 2827 774 2913 fugiet;
799 2848 903 2913 quare
925 2828 954 2893 si
977 2834 1064 2894 recte
1092 2828 1262 2914 disputata
1291 2836 1378 2909 sunt,
1404 2851 1489 2915 quae
1512 2831 1620 2916 prole-

454 2941 533 3000 runt
556 2935 595 3001 V.
622 2927 710 2999 Rose
734 2940 766 3004 et
789 2933 825 2998 Ε.
852 2934 970 3000 Rohde
994 2935 1035 3000 de
1058 2934 1233 3001 Aristotele
1252 2936 1432 3003 Jamblichi
1455 2937 1508 3004 vel
1524 2938 1620 3004 Nico-

454 3042 565 3106 machi
598 3047 742 3120 auctore,
776 3040 969 3107 Aristoteles
1003 3041 1144 3107 eandem
1175 3042 1295 3109 habuit
1328 3044 1368 3109 de
1399 3045 1622 3111 vetustissimi

455 3147 721 3234 Pythagoreismi
744 3147 855 3213 indole
879 3154 912 3212 et
934 3149 1041 3214 forma
1065 3149 1267 3234 opinionem,
1297 3172 1401 3235 quam
1424 3125 1528 3217 nostri
1552 3173 1621 3216 sae-

454 3254 520 3321 culi
543 3255 606 3321 viri
638 3254 726 3320 docti
759 3255 896 3320 testium
937 3255 1002 3320 fide
1026 3257 1216 3322 examinata
1245 3239 1397 3343 probant.
1444 3259 1621 3324 Probabile

453 3383 532 3428 vero
558 3368 607 3426 est
629 3361 782 3446 colligere
805 3383 903 3448 porro
927 3384 969 3427 ex
992 3362 1048 3439 eis,
1073 3385 1159 3449 quae
1188 3364 1443 3450 disputavimus,
1469 3373 1501 3431 et
1528 3387 1621 3432 acus-

454 3475 546 3535 mata
575 3469 801 3535 vetustissima
824 3467 936 3535 'fuisse
968 3471 1132 3536 societatis
1162 3472 1402 3557 Pythagoricae
1432 3474 1485 3540 vel
1513 3474 1622 3559 ipsius

459 3577 669 3662 Pythagorae
703 3582 880 3663 praecepta
912 3584 944 3641 et
976 3578 1149 3643 certiorem
1181 3579 1259 3644 inde
1290 3579 1418 3645 hauriri
1450 3602 1547 3665 posse
1578 3580 1621 3645 de

454 3684 560 3769 ipsius
585 3683 794 3769 Pythagorae
818 3682 968 3749 doctrina
992 3691 1024 3749 et
1045 3684 1215 3750 institutis
1229 3687 1393 3752 notitiam.

564 3789 675 3878 Atque
698 3791 850 3855 firmatur
872 3790 955 3856 haec
978 3791 1019 3857 de
1042 3799 1252 3857 acusmatum
1281 3801 1401 3859 natura
1424 3795 1537 3880 opinio
1561 3797 1621 3876 eiS,

455 3918 541 4018 qgae
572 3896 782 3963 Jamblichus
815 3897 1059 3963 Nicomachum
1091 3905 1224 3965 secutus
1248 3938 1290 3948 —
1314 3901 1442 3981 Rohde,
1477 3902 1520 3966 M.
1553 3903 1618 3967 Rh.

457 4115 771 4124 u———u-——ss—

563 4272 593 4344 ια)
613 4272 769 4329 Acusmatis
797 4273 929 4329 contineri
958 4279 1101 4343 praecepta
1127 4276 1258 4342 quaedam
1287 4275 1415 4344 religiosa
1443 4277 1477 4329 ad
1496 4276 1622 4331 sacrifici-

456 4378 530 4417 orum
550 4362 729 4416 caeremoniss
748 4369 798 4420 etc.
817 4363 968 4432 spectantia
987 4363 1058 4418 vidit
1079 4363 1133 4417 iam
1152 4363 1338 4419 Alexandrum
1357 4365 1565 4434 (Polyhistorem
1585 4367 1621 4420 cf.

456 4451 647 4521 Freudcnthal,
673 4452 829 4506 Alexander
847 4452 1003 4520 Polyhistor
1029 4470 1055 4520 p.
1075 4457 1120 4521 20)
1145 4469 1187 4520 ap.
1206 4454 1298 4508 Laert.
1317 4454 1400 4524 Diog.
1420 4453 1503 4525 VIII,
1522 4459 1555 4508 33
1582 4471 1622 4510 re-

457 4540 571 4608 spiciens
590 4541 707 4612 Lobeck,
736 4543 940 4610 Aglaophemus
966 4559 991 4609 p.
1011 4545 1071 4600 248.
1090 4548 1151 4601 249.
1188 4543 1222 4596 cf.
1248 4543 1280 4598 Ε.
1307 4544 1410 4605 Rohde,
1442 4544 1512 4598 Mus.
1532 4544 1621 4601 Rhen.

354 4659 366 4688 a
456 4630 564 4704 XXVI,
583 4634 643 4701 661,
665 4637 687 4685 1.
724 4630 813 4686 Zeller
832 4647 857 4700 p.
877 4636 937 4702 324,
957 4637 981 4689 2.
